4697 5919
1325 348 1685 415 LfflEn
1773 346 1912 413 lx.
2014 346 2432 426 <CAPUT
2494 351 2704 429 111.)
3436 372 3573 436 207

459 577 715 684 lingua
762 584 1014 654 latina.
1116 585 1294 648 Non
1348 579 1597 647 minus
1665 578 1891 647 etiam
1949 580 2201 671 plures
2266 580 2676 675 philologi,
2738 595 2909 652 cum
2978 584 3422 654 Graecorum
3475 579 3574 652 sa-

455 730 832 821 pientibus
873 725 1115 796 multa
1156 724 1671 809 deliberantes,
1714 722 2025 796 secretos
2069 749 2238 795 cum
2286 727 2404 796 his
2463 726 2923 797 videbuntur
2975 729 3252 797 habere
3307 726 3574 796 sermo-

450 897 599 946 nes·
700 881 796 944 Et
843 870 934 946 ad
981 869 1343 941 summam
1382 868 1825 962 sapientimn
1867 868 2313 964 scriptorum
2360 869 2794 959 sententiae,
2849 873 3281 967 corporibus
3322 871 3571 941 absen-
3663 961 3672 968 ⁶

452 1018 675 1104 tibus,
723 1012 1080 1088 vetustate
1124 1013 1515 1107 florentes3
1562 1038 1735 1085 cum
1782 1005 2036 1084 insunt
2082 1018 2281 1086 inter
2328 1011 2627 1087 confilia
2683 1034 2757 1092 et
2808 1017 3400 1113 disputationes,›
3424 1040 3572 1085 ma-

448 1150 641 1253 jores
687 1161 969 1235 habent
1018 1185 1244 1272 quam
1292 1159 1789 1256 praesentium
1835 1157 2005 1229 sunt
2054 1164 2524 1264 auctoritates
2575 1187 2849 1234 omnes.
2948 1172 3228 1257 Itaque,
3288 1156 3573 1260 Caesar,

449 1309 575 1386 his,
607 1309 1032 1396 auctoribus
1085 1307 1350 1392 fretus,
1408 1302 1727 1399 sensibus
1784 1329 2047 1375 eorum
2102 1308 2454 1378 adhibitis
2518 1325 2593 1377 et
2655 1305 2970 1379 confiliis
3040 1333 3122 1377 ea
3186 1309 3571 1376 volumina

447 1452 866 1548 conscripsi:
921 1472 995 1525 et
1044 1454 1423 1548 prioribus
1471 1452 1748 1546 septem
1802 1451 1894 1522 de
1939 1448 2326 1523 aedificiis:
2405 1470 2668 1523 octavo
2717 1453 2810 1523 de
2852 1456 3091 1548 aquisz
3156 1455 3239 1523 in
3286 1454 3433 1521 hoc
3482 1449 3573 1518 de

445 1602 904 1693 gnomonicis
942 1600 1376 1694 rationibus,
1442 1596 2071 1691 quemadmodum
2121 1598 2209 1666 de
2268 1600 2329 1686 ⁷)
2395 1598 2646 1670 radiis:
2681 1597 2851 1668 solis
2912 1601 2993 1668 in
3057 1597 3341 1667 mundo
3401 1594 3573 1662 sunt

444 1769 579 1838 per
626 1745 969 1816 umbram
1016 1745 1407 1840 gnomonis
1468 1742 1851 1836 inventae,
1952 1743 2369 1838 quibusque
2437 1742 2853 1818 rationibus
2918 1720 3363 1825 dilatentur,
3445 1753 3571 1807 aut

445 1912 581 1958 con
590 1889 972 1959 trahantur
993 1942 1013 1977 ,
1061 1887 1469 1981 explicabo-

1512 2193 1940 2263 CAPUT
2077 2195 2135 2261 1.
2290 2189 2524 2284 (ιν.)

597 2393 716 2467 De
760 2390 1208 2493 gnomonicis
1262 2389 1664 2462 rationibus
1714 2418 1803 2464 επ
1852 2394 2084 2463 radiis
2114 2388 2295 2493 solis
2357 2419 2491 2488 per
2564 2389 2904 2465 umbram
2965 2391 3302 2478 inventis,
3357 2404 3422 2462 et

1544 2539 1817 2609 mundo
1864 2557 2079 2643 atque
2135 2539 2466 2632 planetis.

438 2715 580 2827 Ea
630 2769 878 2824 autem
927 2746 1095 2820 sunt
1142 2747 1395 2820 divina
1450 2764 1704 2819 mente
1770 2768 2224 2844 comparata,
2291 2749 2724 2842 habentque
2788 2750 3355 2850 admirationem
3419 2768 3570 2816 ma-

437 2921 661 2998 gnam
698 2893 1343 2981 considerantibus,
1392 2894 1597 2990 quod
1643 2894 1911 2965 umbra
1960 2895 2350 2990 gnomonis
2413 2896 2967 2989 aequinoctialis
3014 2896 3155 2965 alia
3202 2893 3570 2989 magnitu-

436 3049 612 3120 dine
660 3041 761 3116 est
805 3042 1134 3127 Athenis,
1213 3042 1356 3111 alia
1403 3041 1939 3126 Alexandriae,
2010 3042 2153 3109 alia
2215 3046 2528 3127 Romae,
2595 3065 2750 3112 non
2803 3041 3059 3113 eadem
3124 3041 3568 3124 Placentiae,

439 3196 846 3283 ceterisque
901 3189 1100 3256 orbis
1146 3204 1515 3256 terrarum
1548 3186 1757 3255 locis.
1877 3191 2137 3279 Itaque
2188 3184 2415 3279 longe
2463 3184 2702 3257 aliteri
2730 3182 2995 3257 distant
3047 3184 3569 3276 descriptiones

358 3306 367 3313 ⁶
435 3334 1029 3428 horologiorum,
1072 3331 1417 3397 locorum
1466 3320 2028 3397 mutationibus.
2148 3330 2609 3400 Umbrarum
2657 3331 2860 3400 enim
2908 3328 3568 3422 aequinoctialium

437 3473 1083 3578 magnitudinibus
1128 3466 1599 3563 designantur
1639 3468 2299 3544 analemmatorum
2342 3470 2645 3558 formae,
2695 3497 2790 3541 ex
2846 3474 3117 3562 quibus
3170 3469 3568 3565 perficiun-

436 3646 565 3703 tur
615 3628 713 3696 ad
749 3622 1117 3693 rationem
1178 3617 1519 3684 locorum
1584 3628 1661 3684 et
1714 3612 2024 3682 umbrae
2092 3628 2556 3707 gnomonum
2611 3600 2967 3685 horarum
3026 3612 3565 3706 descriptiones.
3611 3662 3618 3663 f

418 3776 889 3859 ,Analemn1a,
931 3764 1033 3836 eft
1077 3762 1265 3843 ratio
1310 3755 1709 3852 conquisita
1756 3758 1925 3829 solis
1968 3755 2220 3842 cursu,
2270 3777 2347 3859 et
2394 3760 2698 3832 umbrae
2747 3759 3130 3855 crescentis
3179 3783 3232 3839 a*
3267 3759 3565 3847 bruma,

440 3915 951 3992 observatione
1012 3910 1350 3991 inventa,
1380 3952 1383 3955 -
1408 3930 1448 3975 e
1506 3929 1648 3998 qua
1707 3928 1844 3998 per
1905 3904 2227 3973 rationes
2287 3907 2918 3991 architectonicae,
2980 3906 3382 3999 circinique
3441 3906 3563 3976 de·

439 4064 888 4157 scriptiones,
939 4052 1039 4126 eft
1086 4046 1778 4131 inventusfleffectus,
1826 4047 2259 4155 inmundo,
2338 4118 2347 4127 ,
2388 4054 2725 4125 Mundus
2774 4067 3023 4122 autem
3072 4048 3174 4121 est
3221 4052 3560 4123 omnium

438 4229 746 4283 naturae
794 4226 1047 4275 rerum
1092 4197 1478 4290 conceptio
1515 4194 1813 4301 summa,
1865 4195 2305 4288 coelumque
2356 4193 2725 4295 ‘sideribus
2793 4197 3355 4268 conformatum.
3471 4197 3559 4271 Id

350 4350 363 4355 ’
437 4357 775 4425 volvitur
824 4347 1295 4420 continenter
1343 4344 1621 4413 circum
1667 4357 1942 4432 terram
1984 4358 2204 4434 atque
2246 4365 2481 4430 mare,
2546 4369 2682 4439 per
2732 4346 2884 4417 axis
2945 4345 3271 4416 cardines
3319 4362 3559 4414 extre·

573 4662 638 4732 7)
703 4652 797 4713 sic
832 4649 1074 4711 Codices
1112 4646 1304 4739 Quelf.
1341 4665 1398 4707 et
1434 4646 1602 4705 Fran.
1639 4669 1770 4704 cum
1803 4647 1869 4703 E.
1910 4650 1996 4716 S.;
2063 4638 2247 4728 vulgo
2292 4663 2408 4707 eae.
