4697 5919
1050 366 1187 432 208
1260 382 1262 385 ’
1362 381 1407 430 χ
1538 347 1654 419 Μ.
1733 340 2290 414 VITRUv-II
2365 337 2444 404 P.
2502 333 2703 405 DE·
2755 328 3672 402 ARGHLTECTURA

1042 608 1221 656 mos.
1322 586 1668 672 Namque
1718 574 1796 643 in
1846 573 1960 643 his
1998 569 2184 641 locis
2224 563 2581 638 naturalis
2631 556 2939 657 potestas
2991 562 3094 629 ita
3136 557 3605 627 architectata
3661 547 3794 637 est,
3857 551 4171 634 colloca-

1043 733 1309 824 vitque
1352 724 1700 824 cardine5‚
1751 738 2100 813 tanquam
2142 729 2411 795 centra,
2459 729 2699 778 unum
2739 728 2787 777 a
2835 697 3030 774 terra
3076 721 3149 772 et
3199 689 3238 769 a
3290 703 3476 770 mari
3520 702 3600 769 in
3639 673 4190 808 summo'mun-⁴
4228 670 4231 674 .

1050 879 1188 967 do;
1240 897 1320 943 ac
1368 866 1527 970 post
1577 866 1758 963 ipsas
1809 860 2047 937 stellas
2092 854 2724 958 septentrionum.
2839 850 3190 924 Alterum
3244 865 3446 918 trans
3493 861 3751 916 contra
3792 841 3929 915 sub
3981 857 4177 912 terra

1050 1028 1135 1094 in
1180 991 1608 1093 meridianis
1656 1011 2009 1111 partibus,-
2058 1003 2315 1101 ibique
2361 1003 2650 1076 circum
2693 1021 2821 1069 eos
2873 995 3200 1065 cardines
3253 993 3338 1090 ¹)
3379 977 3777 1074 orbiquOS,
3827 962 4179 1081 tanquam

1049 1171 1329 1240 circum
1372 1178 1641 1244 centra,
1688 1175 1777 1228 ut
1824 1157 1904 1226 in
1952 1172 2173 1226 torno
2214 1147 2562 1246 perfecit,
2642 1143 2776 1238 qui
2838 1149 3112 1211 Graece
3178 1136 3386 1219 ’πόλει
3421 1124 3953 1218 nominantur,
4047 1151 4182 1225 per

1053 1338 1237 1409 quos
1285 1307 1691 1405 pervolitat
1738 1300 2189 1398 sempiterno
2235 1295 2556 1370 coelum.
2691 1297 2804 1364 Ita
2859 1270 3107 1360 media
3169 1306 3365 1357 terra
3425 1259 3603 1354 cum
3655 1282 3906 1365 *maris
3947 1275 4186 1346 centri

1053 1464 1224 1531 loco
1269 1453 1709 1530 naturaliter
1757 1443 1861 1520 est
1906 1445 2282 1516 collocata.
2377 1441 2524 1515 His
2569 1453 2835 1547 natura
2879 1429 3264 1532 dispofitiS,
3310 1432 3413 1504 ita
3463 1430 3582 1500 uti
3626 1421 4186 1520 septentrionali

1059 1622 1265 1699 parte
1316 1627 1358 1672 a
1409 1618 1604 1671 terra
1670 1588 2026 1666 excelsius
2091 1590 2364 1658 habeat
2409 1581 2846 1708 altitudine
2875 1596 3254 1663 centrum,
3323 1580 3405 1646 in
3464 1564 3873 1646 meridiana
3938 1584 4190 1638 autem

1061 1765 1270 1842 parte
1316 1740 1793 1813 inferioribus
1827 1736 2016 1805 locis
2062 1732 2483 1823 subjectum
2523 1752 2571 1802 a
2629 1745 2829 1800 terra
2883 1724 3349 1796 ..obscuretur
3497 1727 3713 1792 Tunc
3781 1717 4005 1784 etiam
4059 1738 4193 1807 per

1062 1891 1398 1962 medium
1443 1881 1871 1966 transversa,
1916 1896 1994 1947 et
2030 1879 2386 1950 inclinata
2429 1876 2515 1945 in
2561 1871 2975 1953 meridiem,
3020 1866 3289 1938 circuli
3335 1866 3502 1935 data
3551 1865 3631 1955 2)
3690 1885 3877 1932 zona
3919 1859 4197 1929 duode-

1068 2040 1216 2108 cim
1255 2031 1477 2126 ⁴signis
1526 2025 1625 2099 est
1667 2024 2143 2105 conformata,
2184 2042 2371 2110 quae
2409 2037 2681 2082 eorum
2724 2013 2994 2106 species
3059 1975 3288 2081 stellis
3345 2001 3709 2100 dispositis
3723 2058 3743 2089 ,
3805 2002 4198 2071 duodecim

1068 2177 1402 2275 partibus
1447 2166 1935 2269 peraequatiS,
1970 2159 2334 2256 exprimit
2377 2157 2753 2250 depictam
2813 2176 2859 2229 a
2913 2167 3185 2226 natura
3243 2115 3789 2246 figurationem.
3932 2153 4198 2239 ‘Itaque

1070 2322 1401 2404 lucentia
1448 2339 1620 2385 cum
1642 2309 1946 2390 ‚mundo
1986 2306 2436 2398 reliquoque
2481 2296 2807 2394 siderum
2831 2399 2834 2400 γ
2857 2314 3130 2366 ornatu
3185 2296 3475 2366 „circum
3523 2310 3798 2400 terram
3851 2315 4203 2384 mareque

1076 2464 1579 2565 pervolantia,
1631 2454 1880 2528 cursus
1921 2446 2326 2550 perficiunt
2367 2445 2466 2516 ,ad
2509 2444 2703 2514 coeli
2753 2442 3314 2546 rotunditatem.
3429 2413 3695 2509 Omnia
3729 2450 3994 2506 :autem
4046 2437 4205 2510 vifi-

1080 2629 1230 2684 tata
1277 2625 1355 2678 et
1400 2599 1769 2694 invisitata
1815 2612 2247 2689 temporum
2288 2585 2817 2686 necessitudine
2875 2586 3052 2660 sunt
3101 2579 3531 2656 constituta:
3596 2606 3691 2650 ex
3745 2581 4030 2675 *quibus
4080 2583 4204 2660 sex

1081 2755 1275 2853 sigua
1315 2770 1635 2822 numero
1698 2744 1915 2837 supra
1976 2756 2253 2812 terram
2312 2758 2492 2809 cum
2551 2733 2762 2814 coelo
2815 2714 3347 2824 pervagantur:
3391 2771 3394 2778 ‚
3433 2744 3674 2795 cetera
3735 2726 3873 2800 sub
3933 2689 4205 2802 terram

1084 2893 1499 2985 subeuntia,
1540 2893 1641 2966 ab
1692 2886 1851 2983 ejus
1890 2881 2161 2958 umbra
2202 2878 2716 2954 obscurantur.
2824 2880 2980 2948 sex
3025 2891 3278 2953 autem
3328 2897 3422 2941 ex
3467 2871 3585 2942 his
3643 2872 3936 2973 semper
3991 2875 4206 2973 supra

1026 3116 1027 3121 ,
1087 3069 1365 3121 terram
1421 3042 1791 3115 nituntur.
1944 3040 2231 3128 Quanta
2293 3052 2461 3125 pars
2517 3011 2724 3094 eniin
2778 3017 3152 3095 novissimi
3214 3017 3398 3113 figni
3453 3008 3907 3114 depressione
3966 3002 4206 3097 coacta

1028 3226 1031 3227 ⁷
1087 3193 1500 3289 versatione
1551 3183 1851 3256 subiens
1896 3178 2036 3249 sub
2083 3192 2360 3242 terram
2396 3170 2836 3253 occultatur,
2880 3164 3360 3239 tantumdem
3387 3164 3556 3255 ejus
3579 3136 4018 3239 contrariae·
4049 3193 4209 3239 ver-

1094 3336 1389 3408 sationis
1427 3318 1839 3415 neceffitate
1890 3313 2257 3413 suppressa
2302 3312 2671 3427 rotatione
2723 3314 3161 3382 circumacta
3197 3327 3401 3383 :trans
3441 3336 3491 3380 e
3540 3311 3724 3383 locis
3764 3338 3918 3385 non
3963 3303 4215 3411 paten-

1095 3483 1300 3554 tibus
1362 3491 1438 3545 et
1505 3468 1834 3541 obscuris
1898 3456 2295 3558 egreditur
2342 3459 2438 3528 ad
2492 3460 2760 3527 lucem.
2831 3484 2836 3497 ¹
2909 3463 3257 3552 Namque
3311 3459 3428 3527 vis
3487 3444 3638 3526 'una
3712 3448 3788 3528 et
3847 3450 4217 3534 ,necessitas

1081 3644 1502 3715 utrumque
1542 3612 1762 3685 sunul
1810 3611 2184 3680 orientem
2230 3622 2307 3675 et
2354 3602 2815 3674 occidentem
2860 3598 3178 3703 perficit.
3321 3610 3423 3672 Ea
3482 3614 3727 3670 autem
3755 3589 3979 3698 'signa
4045 3631 4221 3680 cum

1099 3774 1240 3846 sint
1280 3785 1597 3838 numero
1639 3781 1777 3842 ΧΠ,
1826 3771 2215 3850 partesque
2256 3749 2731 3849 *duodecimas
2778 3743 3060 3843 singula
3107 3742 3503 3841 poffideant
3563 3748 3867 3837 niu-ndi,
3926 3752 4225 3825 versen-

1103 3937 1378 4009 turque
1429 3907 1520 3977 ab
1569 3905 1856 3974 oriente
1902 3897 1994 3970 ad
2038 3897 2507 4007 occidentem
2542 3894 3040 3980 continenter,
3086 3879 3269 3964 tunc
3311 3877 3449 3987 per
3491 3919 3576 3964 ea
3619 3892 3812 3992 signa
3849 3903 4226 3973 contrario

1106 4059 1323 4136 cursu
1380 4062 1612 4138 Luna,
1660 4044 1865 4119 stella
1916 4040 2313 4128 Mercurii,
2355 4047 2451 4113 V
2441 4041 2706 4125 enei-is,
2754 4038 2907 4133 ipse
2962 4042 3118 4126 Sol,
3167 4041 3502 4133 itemque
3546 4045 3858 4129 MartiS,
3913 4063 3987 4114 et
4035 4049 4231 4118 Iovis

1104 4212 1187 4280 'et
1239 4199 1576 4276 Saturni.-
1619 4213 1707 4265 ut
1759 4217 1894 4288 per
1929 4188 2301 4289 graduum
2334 4182 2823 4271 ascensionem
2863 4191 3397 4283 percurrente&
3438 4188 3624 4259 alius
3675 4188 3815 4259 alia
3859 4191 4236 4266 circuitio-

1254 4494 1311 4563 ι)
1372 4488 1469 4546 Sic
1503 4483 1648 4540 Cod.
1685 4480 1880 4539 Guelf.
1915 4494 1975 4536 et
2005 4479 2074 4533 E.
2111 4479 2169 4532 S.
2273 4475 2405 4531 Alii
2436 4494 2622 4532 eorum
2655 4475 2964 4531 cardinum.

1257 4646 1317 4716 2)
1382 4639 1475 4696 Al.
1512 4636 1720 4691 delata.
