4697 5919
1434 290 1782 360 LIBER
1830 297 1990 360 iv.
2110 254 2488 362 CA13UT
2561 300 2664 364 11.
2901 340 2907 349 -
3528 316 3616 387 83

484 519 932 619 occupavisse
984 527 1149 594 loca
1202 526 1684 594 videbuntur.
1818 534 2150 622 Utraque
2204 532 2406 599 enim
2454 547 2526 599 et
2579 531 2775 599 inter
2808 531 3244 602 ‚denticulos
3295 548 3369 599 et
3417 531 3612 599 inter

477 671 912 765 triglyphos
955 695 1142 763 quae
1192 670 1362 740 sunt
1403 671 1819 757 intervalla,
1882 692 2219 769 metopae
2271 679 2776 764 nominantur,
2842 673 3017 755 ὅπως
3067 682 3270 748 enim
3340 678 3600 747 Graeci
3641 694 3660 699 ‘

478 816 865 912 'tignorum
917 817 1196 885 cubilia
1247 835 1320 885 et
1372 811 1686 886 asserum
1752 822 2151 914 appellant,
2228 824 2344 891 uti
2397 818 2623 891 nostri
2690 848 2773 892 ea
2831 848 3021 915 cava,
3121 818 3612 915 columbaria3

479 965 583 1033 ita
616 958 618 961 ’
650 962 853 1057 quod
901 964 1099 1031 inter
1148 963 1325 1032 duas
1378 988 1551 1058 opas
1606 959 1706 1033 est
1755 966 2298 1062 intertignimn,
2344 967 2424 1036 id
2465 986 2762 1063 metopa
2816 965 2914 1038 est
2966 970 3162 1063 apud
3213 994 3334 1038 eos
3377 972 3616 1038 nomi-

478 1128 762 1180 natum.
864 1117 975 1181 Ita
1024 1111 1135 1178 uti
1191 1127 1358 1180 ante
1411 1113 1492 1180 in
1544 1114 1838 1182 Doricis
1889 1115 2462 1208 triglyphorum
2514 1134 2589 1184 et
2638 1116 3116 1185 mutulorum
3166 1110 3264 1184 est
3316 1116 3616 1183 inventa

480 1259 672 1327 ratio
688 1282 708 1349 3
740 1258 945 1327 'item
990 1259 1075 1327 ‘in
1127 1261 1400 1328 Ionicis
1453 1259 2012 1330 denticulorum
2053 1256 2479 1332 constitutio
2532 1265 2915 1356 propriam
2968 1265 3045 1331 in
3089 1263 3444 1358 operibus
3495 1263 3620 1330 ha·

479 1404 609 1473 bet
652 1405 1057 1487 rationem:
1122 1390 1199 1475 et
1250 1406 1876 1499 quemadmodum
1911 1408 2192 1477 mutuli
2244 1410 2807 1480 cantheriorum
2852 1408 3318 1504 projecturae
3365 1409 3620 1478 ferunt

482 1551 904 1645 imaginem,
955 1548 1049 1621 fic
1101 1555 1178 1620 in
1231 1554 1506 1624 Ionicis
1556 1555 1922 1625 denticuli
1988 1580 2083 1624 ex
2146 1555 2591 1650 proiecturis
2657 1552 2971 1626 affetum
3036 1556 3318 1624 habent
3385 1542 3623 1623 imita-

482 1701 785 1769 tionem.
890 1705 1150 1792 Itaque
1201 1701 1282 1769 in
1334 1705 1610 1796 graecis
1664 1692 2039 1798 operibus,
2091 1727 2312 1772 nemo
2361 1703 2496 1773 sub
2547 1705 2845 1773 mutulo
2899 1701 3314 1772 denticulos
3365 1694 3622 1769 consti-

419 1878 435 1917 ῑ
480 1847 651 1916 tuit.
751 1852 935 1915 Non
989 1847 1191 1914 enim
1241 1842 1537 1940 poffunt
1590 1849 1847 1916 subtus
1901 1850 2322 1918 cantherios
2375 1843 2631 1918 afferes
2684 1843 2843 1917 effe.
3002 1846 3219 1943 Quod
3281 1869 3458 1939 ergo
3511 1842 3622 1911 su-

486 2015 620 2083 pra
672 1991 1092 2059 cantherios
1144 2008 1219 2058 el:
1268 1993 1550 2082 templa
1603 1994 1681 2060 in
1733 1994 2049 2058 veritate
2105 1994 2331 2058 debet
2383 1989 2522 2060 effe
2574 1994 3044 2076 collocatum,
3109 1992 3190 2060 id
3235 1992 3314 2058 in
3366 1991 3623 2081 imagi-

488 2136 729 2214 nib11S‚
792 2130 846 2198 fi
898 2132 1089 2199 infra
1160 2122 1644 2200 constitutum
1712 2130 1962 2214 fuerit,
2063 2130 2491 2201 mendosam
2555 2132 2866 2202 habebit
2929 2134 3173 2245 operis
3234 2134 3620 2201 rationem.

430 2296 433 2301 ’
483 2280 875 2369 Etiamque
927 2273 1213 2366 antiqui
1266 2297 1419 2341 non
1472 2273 1983 2366 probaverunt
2035 2298 2282 2367 neque
2334 2271 2845 2360 instituerunt,
2911 2279 2990 2345 in
3042 2274 3336 2371 fastigiis
3389 2276 3625 2347 denti-

488 2412 695 2493 culos
735 2418 906 2491 fieri
947 2412 1084 2487 'sed
1134 2441 1355 2512 puras
1408 2442 1748 2509 coronas;
1801 2418 1971 2487 ideo
2027 2418 2231 2511 quod
2282 2445 2420 2489 nec
2467 2412 2834 2490 cantherii
2867 2414 3022 2491 ‘nec
3073 2418 3330 2492 afferes
3367 2442 3620 2493 contra

456 2565 943 2670 ⁸fastigiorum
993 2536 1275 2634 frontes
1328 2555 1898 2650 distribuuntur,
1953 2590 2091 2634 nec
2140 2560 2439 2659 poffunt
2486 2567 2940 2660 prominere,
3042 2566 3166 2636 sed
3207 2568 3298 2635 ad
3345 2563 3621 2638 stillici-

402 2779 404 2782 ,
488 2717 613 2786 dia:
660 2702 1060 2809 proclinati
1108 2702 1591 2780 collocantur.
1696 2717 1807 2779 Ita
1859 2711 2062 2802 quod
2113 2706 2266 2780 non
2317 2709 2554 2804 potest
2604 2715 2684 2782 in
2738 2709 3291 2807 veritatefieri,
3342 2713 3421 2782 id
3469 2740 3619 2783 non

484 2875 963 2956 putaverunt,
1014 2842 1094 2925 in
1146 2856 1591 2949 imaginibus
1644 2854 1939 2938 factum,
1990 2851 2189 2948 posse
2232 2873 2510 2925 certam
2561 2860 2930 2927 rationem
2997 2858 3298 2928 habere.
3454 2865 3625 2929 Om-

478 3013 611 3080 :n'ia
662 3010 860 3078 enim
910 3021 1107 3074 certa
1157 3003 1616 3095 proprietate
1665 3018 1740 3070 et
1791 3024 1830 3069 a
1879 2991 2077 3068 veris
2128 3018 2435 3070 naturae
2493 3003 2834 3071 deductis
2874 3003 3214 3070 moribus
3276 3006 3624 3074 traduxe-

478 3171 670 3227 runt
720 3156 800 3222 in
851 3175 1169 3244 operum
1216 3148 1729 3240 perfectioneS,
1806 3165 1881 3217 et
1945 3171 2027 3216 ea
2075 3146 2610 3240 probaverunt,
2720 3170 3044 3240 quorum
3097 3149 3624 3242 explicationes

477 3303 573 3370 in
617 3285 1240 3389 disputationibus
1289 3295 1660 3361 rationem
1714 3285 2012 3382 poffunt
2045 3291 2324 3359 habere
2377 3294 2732 3361 veritatis,
2853 3301 3114 3386 Itaque
3183 3318 3278 3362 ex
3328 3295 3431 3363 eis
3483 3296 3627 3364 ori-

484 3443 793 3538 ginibus
847 3438 1437 3528 synnnetrias=et
1484 3423 2008 3528 proportiones
2059 3407 2639 3526 uniuscujusque
2691 3439 2978 3529 generis
3025 3434 3450 3508 constitutas
3516 3464 3628 3509 re-

488 3593 922 3684 liquerunt:
978 3607 1305 3679 quorum
1357 3558 1710 3675 ingressus
1764 3575 2189 3671 persecutus
2256 3578 2346 3647 de
2409 3580 2675 3651 Ionicis
2747 3598 2821 3650 et
2886 3580 3286 3651 Corinthiis
3350 3578 3631 3651 institu-

489 3732 851 3806 tionibu's‘
883 3732 1097 3824 supra
1150 3729 1345 3820 dixi3
1400 3751 1597 3796 nunc
1647 3748 1830 3795 vero
1884 3725 2241 3795 Doricam
2291 3728 2658 3798 rationem
2710 3724 3214 3822 summamque
3279 3725 3434 3817 ejus
3480 3726 3631 3822 spe·

494 3884 703 3954 ciem·
743 3878 1075 3969 breviter
1135 3883 1522 3969 exponam.

1762 4065 2151 4143 CAPUT
2214 4068 2367 4141 ΙΙΙ.

1455 4257 1599 4322 De
1698 4249 2142 4321 ratione
2244 4253 2683 4336 Dorica.

496 4413 922 4526 Nonnulli
979 4451 1262 4544 antiqui
1315 4450 1697 4518 architecti
1749 4469 2243 4546 negaverunt,
2298 4452 2579 4521 Dorico
2610 4471 2882 4544 genere
2913 4446 3123 4517 aedes
3153 4446 3376 4532 sacras
3417 4471 3633 4539 opor·

498 4626 668 4676 tere
718 4598 912 4685 fieri,
966 4597 1166 4695 quod
1214 4592 1603 4666 mendosae
1658 4612 1731 4664 et
1782 4583 2385 4670 inconvenientes
2440 4597 2516 4665 in
2578 4596 2693 4667 his
2760 4593 3229 4686 sylnmetriae
3296 4590 3635 4680 conficie-
