4697 5919
1400 238 1763 336 LIBER
1822 266 2011 334 vu.
2132 265 2503 333 CAPUT
2568 210 2672 336 1'1.
3477 285 3612 353 159

440 501 657 576 -i'nde
704 501 962 593 ruderi
1008 522 1209 602 noro
1273 499 1497 570 tertia
1556 522 1723 594 pars
1787 495 2007 570 testae
2066 496 2320 569 tunsae
2382 496 2903 586 admisceatur,
2992 470 3367 594 'calcisque
3425 500 3612 581 duae

478 668 723 746 partes
771 649 864 721 ad
899 648 1260 745 'quinque-
1291 644 1651 717 mortarir‘
1676 645 2169 717 mixtionibus
2217 608 2592 742 praestent²
2626 644 3093 742 responsum.'
3175 649 3614 720 Statumina-

474 798 688 868 tione
739 794 950 883 facta,
1018 793 1257 865 rudus*
1309 791 1759 884 inducatur-3.
1818 793 2045 888 idque
2112 792 2412 888 pinsum
2471 794 2899 869 absolutum
2953 820 3049 867 ne
3113 797 3361 867 minus
3421 793 3612 888 pede

465 940 568 1013 :fit
609 938 975 1035 crass'um„
1045 947 1260 1012 Tunc
1309 944 1563 1011 autem'
1609 940 1879 1010 nucleo
1940 939 2249 1011 inducto
2316 942 2462 1032 (uti
2525 941 2744 1037 supra
2806 942 3167 1037 scriptum
3227 938 3351 1032 e'st)
3411 942 3614 1036 pavi-

462 1107 821 1161 ,mentum
870 1114 910 1159 e
956 1079 1215 1157 teffera
1259 1085 1520 1182 grandi
1571 1086 1881 1157 circiter*
1908 1086 2179 1158 binum
2228 1084 2550 1183 digitum
2598 1088 2797 1162 caesa
2836 1084 3186 1174 struatur,
3246 1084 3614 1183 fastigium

462 1236 760 1317 -habens
819 1236 907 1306 in
935 1230 1174 1326 pedes
1225 1231 1486 1323 denos,
1551 1208 1828 1330 digitos
1891 1232 2148 1327 binos;
2248 1234 2490 1333 quod,
2555 1233 2642 1309 fi·
2679 1237 2874 1309 bene
2935 1236 3477 1332 temperabitur
3539 1250 3616 1304 et

444 1398 675 1481 *recte
723 1381 1078 1453 fricatum
1124 1378 1383 1468 fuerit,
1439 1380 1537 1453 ab
1600 1379 1954 1452 omnibus
2011 1380 2215 1452 vitiis
2274 1384 2423 1454 erit
2480 1394 2752 1457 tutum.
2797 1444 2808 1454 .
2898 1387 3034 1457 Uti
3101 1401 3352 1459 autem
3418 1382 3616 1453 inter

430 1546 907 1626 “coagmenta
957 1528 1304 1609 materies
1354 1527 1447 1602 ab
1495 1527 1857 1626 gelicidiis
1908 1536 2006 1598 ne
2057 1526 2373 1617 laboret,
2425 1505 2747 1602 fracibus
2798 1506 3189 1627 quotannis
3233 1546 3411 1599 'ante
3459 1529 3617 1597 hie-

462 1696 676 1747 mem
717 1674 1127 1767 saturetur3
1179 1669 1284 1745 ita
1333 1697 1488 1771 non
1536 1676 1866 1768 patietur
1925 1674 2010 1745 in
2073 1670 2146 1745 se
2220 1677 2558 1771 recipere
2604 1677 2933 1774 gelicidii
2973 1677 3346 1771 pruinam.
3433 1718 3438 1723 -
3490 1672 3616 1745 Sin
3727 1713 3732 1718 ·

456 1839 726 1892 eautem
774 1815 1126 1893 curiofius
1167 1819 1553 1892 videbitur
1599 1818 1773 1893 fieri
1834 1839 2205 1915 oportere,
2246 1822 2550 1917 ‘tegulae
2599 1823 2980 1918 bipedales
3022 1826 3224 1909 inter
3277 1819 3353 1892 fe
3408 1840 3617 1911 coag-

473 1982 847 2036 mentatae
892 1963 1108 2059 supra
1156 1965 1389 2036 rudus
1436 1960 1795 2036 substrata
1842 1966 2153 2035 materia
2203 1967 2698 2050 collocentur,
2746 1933 3106 2041 habentes
3153 1963 3458 2061 lingulis
3498 1988 3617 2034 co·

475 2126 999 2205 agmentorum
1052 2106 1427 2180 frontibus
1488 2105 1768 2178 excisos
1828 2106 2273 2191 canaliculos
2334 2104 2709 2203 digitales;
2802 2098 3076 2203 quibus
3139 2108 3424 2199 junctis·
3474 2110 3612 2178 im-

469 2254 819 2348 pleantur
865 2252 1063 2322 calce
1111 2275 1208 2321 ex
1252 2253 1423 2321 oleo
1481 2250 1812 2337 subacta,
1863 2251 2522 2345 confricenturque
2568 2252 2768 2322 inter
2812 2252 2887 2323 se
2934 2270 3363 2348 coagmenta
3412 2278 3610 2325 com·

468 2393 761 2494 preffa..
826 2405 941 2470 Ita
989 2400 1155 2470 calx
1206 2422 1396 2493 quae
1448 2400 1603 2475 erit¹
1638 2397 1953 2469 haerens
2002 2399 2084 2468 in
2127 2398 2505 2470 canalibus
2554 2397 3036 2485 durescendO,
3089 2423 3243 2472 non
3281 2402 3611 2497 patietur

471 2569 754 2640 aquam,
793 2570 1039 2640 neque
1081 2545 1304 2631 aliam
1342 2567 1506 2616 rem
1548 2569 1687 2638 per
1746 2560 2175 2641 coagmenta
2234 2539 2560 2616 transire.
2691 2551 2881 2617 Cum
2939 2568 3117 2641 ergo
3175 2545 3404 2617 fuerit
3462 2545 3611 2615 hoc

466 2694 570 2763 ita
611 2684 1058 2784 perstratum
1074 2741 1093 2775 ‚
1183 2689 1401 2783 supra
1447 2689 1755 2762 nucleus
1804 2690 2202 2762 inducatur
2219 2745 2242 2773 ,
2339 2709 2418 2755 et
2457 2684 2705 2780 ⁴vii-gis,
2763 2687 3136 2760 caedendo
3198 2670 3603 2787 subigatur.

467 2844 705 2930 Supra
754 2851 1006 2905 autem
1049 2829 1197 2905 five
1245 2855 1341 2902 ex
1382 2825 1643 2903 tess'era
1685 2808 1964 2927 grandi,
2011 2825 2162 2901 five
2214 2853 2309 2901 ex
2358 2828 2551 2925 spica
2595 2826 2899 2904 testacea
2949 2829 3358 2942 struantur,
3420 2829 3608 2907 fasti-

464 2985 624 3079 giis,
690 2980 958 3078 quibus
1011 2973 1111 3052 est
1168 2975 1386 3075 supra
1450 2974 1845 3072 scriptum3
1904 2993 1980 3048 et
2041 3000 2217 3048 cum
2278 2975 2377 3049 fic
2425 2997 2649 3051 erunt
2700 2977 2905 3067 faeta,
2971 3007 3125 3053 non
3190 2986 3340 3056 cito
3394 2982 3608 3053 vitia·

336 3207 341 3212 ,
456 3131 771 3212 buntur.

1544 3455 1555 3468 ,
1664 3375 2127 3450 ·cA1²U‘1·
2221 3379 2328 3449 u

944 3566 1066 3633 De
1111 3551 1598 3632 maceratione
1643 3558 1851 3629 calcis
1898 3558 2001 3630 ad
2058 3554 2352 3632 albaria
2400 3582 2624 3656 opera
2645 3556 3129 3662 perficienda.

435 3745 697 3854 Cum
748 3804 786 3850 a
824 3779 1427 3874 pavimentorum
1474 3798 1652 3845 cura
1705 3769 2091 3847 discess'um
2146 3772 2413 3863 fuerit,
2483 3791 2665 3877 tunc
2732 3776 2823 3870 de
2887 3776 3186 3854 albariis
3254 3777 3600 3870 operibus

466 3926 595 4005 est·
618 3924 1165 4022 explicandum.
1309 3921 1401 3995 Id.
1458 3938 1709 3993 autem
1767 3923 1911 3992 erit
1964 3938 2202 4008 recte,
2297 3917 2356 3992 fi
2417 3921 2682 4018 glebae
2704 3937 2722 4028 J
2751 3926 2966 4003 caleis
3040 3912 3364 4021 optimae
3429 3945 3597 3998 ame

459 4079 713 4152 multo
752 4033 1111 4166 tempore,
1163 4092 1383 4164 quam
1426 4093 1610 4166 opus
1658 4066 1908 4153 fuerit,
1955 4068 2566 4165 macerabuntur3
2621 4073 2738 4143 uti
2774 4069 2831 4144 fi
2870 4095 3014 4167 qua
3063 4073 3282 4168 gleba
3327 4040 3595 4169 parum

461 4226 695 4297 fuerit
747 4223 827 4292 in
875 4218 1176 4291 fornace
1225 4232 1449 4301 cocta,
1498 4216 1578 4285 in
1625 4215 2118 4306 maceratione
2162 4216 2516 4306 diuturna
2557 4219 2855 4314 liquore
2899 4219 3284 4293 defervere
3327 4242 3592 4309 coacta,

458 4393 621 4443 uno
679 4381 939 4437 tenore
984 4364 1062 4456 ¹)
1127 4378 1652 4457 concoquatur.
1768 4367 2115 4466 Namque
2181 4389 2356 4440 cum
2420 4386 2572 4437 non
2635 4350 2929 4468 penitus
2992 4388 3392 4456 macerata,
3467 4370 3590 4442 sed

605 4590 662 4655 ι)
734 4567 885 4640 Cocli
912 4599 1017 4637 ms.
1054 4594 1314 4655 tempore.
1370 4623 1377 4626 .
