4697 5919
1428 335 1812 401 >LIBER
1865 338 1972 401 IL
2117 339 2490 408 CAPUT
2539 345 2605 409 1.
2863 386 2864 395 κ
2929 402 2932 405 -
3507 369 3601 437 ’55

487 565 707 633 Tum·
729 580 979 637 autem
1026 559 1464 637 inftmentes
1510 563 1830 663 animose
1881 582 1954 633 et
2001 566 2544 662 prospicienteS,
2589 570 2991 661 majoribus
3035 575 3605 669 cogitationibus

483 729 576 776 ex
624 710 977 779 varietate
1028 712 1302 779 artium
1350 710 1558 792 natiS,
1607 731 1759 776 non
1812 708 2014 795 casas,
2042 708 2049 721 '
2080 709 2205 782 sed
2253 716 2478 785 etiam
2526 716 2802 791 domos·
2833 719 3166 795 fundatas
3215 747 3324 790 ex·
3358 724 3630 792 lateri&

480 853 600 921 tiis
651 855 1079 946 parietibuS,
1124 872 1249 923 aut
1300 880 1341 923 e
1389 852 1634 947 lapide
1678 848 1997 941 structas,
2046 859 2498 952 materiaque
2551 880 2626 930 et
2672 864 2921 959 tegula
2971 882 3214 952 tectas,
3246 865 3602 960 perficere

481 1018 921 1091 coeperunt:
976 1000 1241 1069 deinde
1293 998 1926 1070 observationibus
1968 996 2390 1072 studiorum
2451 1011 2923 1101 evagantibus
2970 1009 3294 1099 judiciis,
3345 1037 3442 1079 ex
3493 1014 3604 1079 in·

480 1145 693 1214 certis
742 1145 834 1213 ad
876 1164 1101 1215 certas
1143 1145 1739 1236 symmetriarum
1798 1147 2118 1233 rationes
2175 1149 2724 1243 perduxerunt:
2824 1149 3292 1249 posteaquam
3374 1157 3604 1224 anim·

480 1288 957 1361 adverterunt
990 1292 1327 1387 profusos
1369 1286 1507 1362 effe
1559 1306 1810 1386 partus
1875 1292 1966 1363 ab
2028 1312 2289 1365 natura
2354 1298 2734 1382 materiae,
2763 1268 2769 1273 .
2795 1316 2876 1368 et
2932 1300 3432 1370 abundantem
3461 1334 3462 1337 ¹
3490 1324 3609 1370 co·

476 1436 680 1529 piam
720 1438 812 1507 ad
850 1436 1393 1510 aedificationes
1448 1440 1538 1509 ab
1596 1463 1682 1509 ea
1738 1428 2263 1536 comparatiim,
2329 1443 2709 1512 tractando
2767 1446 3285 1530 nutriverunt,
3346 1464 3422 1516 et
3484 1470 3612 1513 au·

480 1582 672 1650 ctam
718 1607 855 1676 per
891 1601 1084 1656 artes
1133 1604 1583 1656 ornaverunt
1629 1588 2138 1683 voluptatibus
2206 1588 2298 1658 ad
2351 1589 2803 1683 elegantiam
2852 1592 3070 1660 vitae.
3219 1592 3462 1685 Igitur
3514 1590 3608 1658 de

476 1726 592 1801 his
631 1728 851 1800 rebus
896 1755 1082 1825 quae
1127 1732 1296 1803 sunt
1340 1734 1421 1802 in
1467 1727 1821 1806 aedificiis
1870 1734 1962 1805 ad
2005 1733 2223 1805 usum
2263 1734 2611 1820 idoneae,
2683 1732 3103 1828 quibusque
3162 1730 3307 1801 fini
3374 1734 3609 1827 quali-

476 1874 769 1961 tatibus,
814 1894 890 1945 et
924 1902 1104 1970 quas
1152 1880 1473 1951 habeant
1511 1882 1847 1966 virtutes,
1913 1898 2000 1949 ut
2050 1898 2335 1973 potem,
2404 1880 2661 1971 dicam.
2710 1881 2850 1951 Sed
2896 1878 2952 1951 fi
2999 1881 3163 1974 quis
3210 1877 3302 1946 de
3347 1875 3607 1945 ordine

478 2016 700 2107 hujus
754 2020 932 2092 libri
983 2022 1355 2117 disputare
1408 2025 1758 2109 voluerit,
1808 2024 2011 2117 quod
2050 2026 2430 2115 putaverit
2473 2049 2646 2092 eum
2691 2026 3021 2116 primum
3062 2017 3351 2092 institui
3393 2044 3609 2113 opor-

480 2155 714 2242 tuiss'e,
764 2186 858 2226 ne
905 2167 1123 2249 putet
1168 2187 1294 2232 me
1343 2156 1703 2245 erraviss'e,
1747 2157 1845 2230 fic
1885 2159 2193 2229 reddam
2237 2161 2622 2229 rationem.
2752 2168 2941 2229 Cum
2988 2185 3252 2253 corpus
3302 2163 3614 2229 archite-

479 2318 724 2371 cturae
771 2300 1167 2372 scriberem
1214 2301 1461 2397 primo
1526 2300 1947 2384 volumine,
2008 2303 2303 2392 putavi,
2363 2304 2631 2393 quibus
2679 2303 3224 2371 eruditionibus
3277 2321 3353 2370 et
3402 2303 3612 2373 disci-

478 2441 702 2540 plinis
757 2441 937 2516 ess'et
979 2464 1234 2516 ornata
1283 2469 1674 2541 exponere,
1726 2441 2097 2537 finireque
2141 2418 2789 2518 terminationibus
2841 2445 2997 2535 ejus
3060 2444 3366 2541 species,
3433 2466 3509 2516 et
3567 2475 3618 2517 e

480 2592 747 2686 quibus
798 2593 1017 2684 rebus
1062 2587 1257 2679 ess'et
1280 2610 1450 2679 nata
1512 2589 1796 2662 dicere:
1892 2584 2148 2684 itaque
2221 2591 2405 2684 quid
2481 2608 2842 2686 oporteat·
2899 2585 3040 2660 effe
3120 2591 3201 2659 in
3256 2592 3607 2662 architec-

476 2754 578 2822 t0,
660 2738 768 2806 ibi
804 2739 1337 2829 pronuntiavi.
1394 2802 1401 2822 ,
1481 2743 1676 2829 Ergo
1753 2737 1836 2806 in
1928 2736 2176 2830 primo
2271 2736 2362 2804 de
2445 2739 2625 2806 ,artis
2715 2731 2991 2819 officio,
3116 2736 3198 2804 in
3282 2736 3430 2805 hoc
3515 2736 3608 2806 de

480 2881 938 2953 naturalibus
995 2883 1341 2950 materiae
1398 2880 1638 2976 rebus,
1727 2902 1957 2972 quem
2010 2880 2331 2949 habeant
2409 2879 2625 2953 usu-m
2708 2878 3132 2975 disputabo·
3229 2886 3606 2975 ‚Namque

479 3029 624 3102 hoc
670 3029 866 3098 liber
922 3029 1075 3098 non
1129 3021 1549 3119 profitetur,
1610 3021 1812 3090 unde
1859 3023 2347 3090 architectura
2413 3040 2779 3105 nascatur,
2843 3022 2968 3089 sed
3026 3023 3223 3091 unde
3287 3026 3606 3115 origines

482 3170 991 3248 aedificiorum
1044 3168 1187 3260 sint
1232 3165 1642 3262 institutae:
1707 3184 1782 3237 et
1819 3166 2093 3264 quibus
2140 3164 2554 3256 rationibus
2629 3149 2994 3248 enutr'itae
3063 3183 3139 3233 et
3203 3161 3610 3258 progressae

482 3316 623 3402 sint
669 3317 1043 3412 gradatim⁴
1065 3295 1164 3390 id
1213 3316 1404 3404 hanc
1451 3312 1894 3384 finitionem.
1996 3319 2190 3404 Ergo
2237 3311 2342 3378 'na
2385 3306 2519 3377 suo
2563 3306 2822 3377 ordine
2876 3325 2951 3376 et
2996 3308 3164 3377 loco
3213 3307 3435 3397 hujus
3468 3313 3610 3378 erit

484 3462 890 3531 voluminis
944 3453 1393 3527 constitutio.
1493 3459 1719 3521 Nunc
1759 3465 2086 3518 revertar
2134 3451 2228 3515 ad
2283 3427 2762 3540 propositum,
2822 3468 2898 3517 et
2945 3451 3037 3518 de
3079 3454 3351 3543 copiis,
3420 3476 3606 3546 quae

485 3624 693 3702 aptae
743 3603 911 3674 sunt
963 3597 1475 3678 aedificiorum
1521 3592 2133 3691 perfectionibus,
2196 3589 2827 3685 quemadmodum
2875 3590 3267 3660 videantur
3314 3590 3453 3661 ess'e
3517 3599 3608 3665 ab

488 3775 747 3825 natura
791 3774 1045 3820 rerum
1088 3717 1529 3841 procreatae,
1574 3723 1992 3836 quibneque
2041 3737 2532 3808 mixtionibus
2597 3737 3141 3830 principiorum
3200 3732 3614 3831 congreffus
3657 3829 3662 3836 ῃ

491 3915 1023 3993 temperentur,
1066 3917 1161 3963 ne
1204 3890 1507 3963 obscura
1558 3886 1681 3957 sed
1726 3883 2105 3980 perspicua
2149 3883 2570 3977 legentibus
2615 3878 2774 3965 lint,
2821 3881 3334 3952 ratiocinabor.
3386 3888 3613 3958 Nam-

492 4070 636 4141 que
681 4044 890 4113 nulla
928 4041 1405 4110 materiarum
1454 4057 1741 4130 genera,
1791 4035 2034 4125 neque
2108 4053 2434 4124 corpora,
2512 4051 2755 4119 neque
2821 4051 2935 4096 res
2988 4024 3136 4109 fine
3208 4029 3607 4121 principio·

491 4183 663 4264 rum
711 4208 930 4262 coetu
974 4186 1188 4282 nasci,
1283 4206 1525 4277 neque
1577 4176 1839 4274 subjici
1887 4176 2304 4246 intellectui
2353 4169 2666 4268 poss'unt,
2766 4196 3005 4266 neque
3067 4173 3285 4240 aliter
3346 4190 3605 4241 natura

493 4364 746 4414 rerum
789 4334 1192 4432 praeceptis
1236 4325 1711 4425 physicorum
1756 4316 1959 4395 veras
2008 4321 2288 4417 patitur
2328 4321 2607 4427 habere
2650 4319 3216 4412 explicationes:
3260 4313 3395 4387 nili
3443 4341 3607 4386 cau-

696 4641 917 4703 Vrrn.
971 4613 1065 4697 T}
1107 4632 1164 4696 Ι.
2811 4585 2814 4590 ³
3236 4627 3299 4689 5.
