4697 5919
1088 336 1169 398 ιε]
1573 319 1687 383 Μ.
1764 314 2319 383 vrrnuvu
2392 313 2470 379 P.
2559 313 2711 379 DE
2783 271 3703 383 ARCHITECTURA

1084 553 1226 636 tiit,
1276 569 1361 619 ut
1400 551 1659 619 liceret
1709 546 2098 617 transferre
2149 544 2530 639 oppidum,
2588 538 3115 634 constituitque
3156 544 3470 628 moenia,
3541 561 3640 612 et.
3683 565 3878 610 areas
3939 538 4202 624 divisit,

1078 684 1536 791 nummoque
1570 750 1573 753 ,
1603 690 1926 765 sestertio
1979 688 2282 787 lingulis
2331 689 2838 783 municipibus
2882 689 3252 783 mancipio
3304 689 3530 758 dedit.
3662 689 3800 759 His
3851 686 4223 760 confectis

1074 839 1320 914 lacum
1367 843 1658 937 aperuit
1696 842 1775 908 in
1818 863 2053 923 mare,
2121 856 2198 907 et
2255 855 2561 933 portum
2624 859 2663 903 e
2727 835 2932 918 lacu,
2982 835 3398 927 municipio
3454 833 3786 927 perfecit.
3941 844 4200 928 Itaque

1025 1001 1031 1007 “
1070 1013 1269 1059 nunc
1319 990 1603 1081 Salpini
1649 1004 1968 1079 quatuor
2008 966 2345 1053 millibus
2396 976 2705 1076 paffibus
2766 975 3112 1075 progressi
3160 981 3252 1053 ab
3314 978 3592 1072 oppido
3646 997 3931 1066 vetere,
3995 982 4201 1051 habi-

1072 1150 1228 1202 tant
1277 1136 1357 1203 in
1416 1134 1687 1203 salubri
1754 1135 1943 1204 loco.

2298 1402 2746 1491 CAPUT
2862 1417 2951 1486 u

1813 1602 1935 1668 De
1964 1594 2485 1694 fundamentis
2541 1584 2922 1670 murorum
2985 1616 3051 1668 et
3112 1600 3452 1668 tum-ium.

1067 1768 1290 1878 Cum
1340 1832 1514 1907 ergo
1564 1810 1679 1880 his
1713 1814 2143 1924 rationibus·
2186 1816 2329 1884 erit
2379 1813 2821 1885 salubritatis
2872 1814 2951 1882 in
2997 1812 3388 1884 moenibus
3436 1809 3882 1883 collocandis
3940 1808 4016 1902 ¹)
4071 1832 4193 1875 ex·

1059 1957 1384 2055 plicatiO,
1414 1958 1911 2053 regionesque
1952 1962 2246 2030 -electae
2310 1960 2595 2031 fuerint
2650 1960 3012 2031 fructibus
3077 1959 3169 2028 ad
3231 1958 3571 2029 alendam
3638 1958 4014 2029 civitatem
4076 1978 4188 2045 co-

1055 2100 1321 2195 piosae,
1371 2120 1447 2207 et
1493 2105 1786 2172 viarum
1837 2107 2315 2187 munitiones,
2365 2125 2492 2173 aut
2551 2110 3142 2198 opportunitates
3189 2104 3615 2191 fluminum,
3666 2104 3791 2174 seu
3840 2127 3976 2196 per
4025 2124 4193 2193 por·

1054 2266 1171 2315 tus
1219 2248 1544 2331 marinae
1598 2247 2107 2314 subvectiones
2142 2248 2563 2335 habuerint
2609 2247 2702 2311 ad
2747 2249 3040 2311 moenia
3087 2245 3706 2333 comportationes
3771 2239 4184 2331 expeditas:

1054 2408 1236 2458 tunc
1306 2389 1632 2456 turrium
1691 2410 2229 2479 murorumque
2292 2385 2770 2455 fundamenta
2832 2382 2928 2455 fic
2991 2385 3160 2455 sunt
3222 2385 3567 2468 facienda,
3631 2386 3744 2453 uti
3810 2383 4188 2452 fodiantur

1056 2530 1145 2623 (fi
1190 2548 1464 2625 queant
1511 2531 1876 2622 inveniri)
1926 2531 2017 2599 ad
2080 2529 2426 2617 solidum,
2490 2549 2565 2601 et
2624 2532 2706 2600 in
2768 2530 3004 2601 solido
3071 2530 3471 2624 (quantum
3534 2555 3630 2599 ex
3692 2528 4184 2623 amplitudine

1055 2679 1295 2772 operis
1373 2666 1511 2771 pro
1582 2677 1869 2747 ratione
1936 2676 2314 2768 videatur)
2381 2672 2842 2755 craffitudine
2908 2678 3269 2781 ampliore
3333 2702 3557 2772 quam
3619 2677 3987 2771 parietum
4052 2674 4184 2765 qui
4223 2629 4270 2733 l

1051 2822 1267 2916 supra
1316 2840 1590 2890 terram
1639 2820 1811 2891 sunt
1875 2821 2147 2909 futuri,
2213 2841 2288 2896 et
2356 2847 2440 2892 ea
2505 2825 2964 2917 impleantur
3025 2848 3250 2918 quam
3317 2819 3730 2893 solidissima
3803 2816 4177 2890 structura.

1050 2969 1120 3059 *)
1173 2977 1367 3040 Item
1409 2987 1644 3038 turres
1696 2967 1863 3037 sunt
1912 2969 2411 3062 projiciendae
2450 2971 2529 3038 in
2560 2973 3007 3039 exteriorem
3035 2990 3358 3061 partem:
3407 2970 3520 3036 uti
3554 2993 3722 3036 cum
3756 2967 3844 3034 ad
3876 2989 4179 3032 murum

1045 3110 1269 3184 hostis
1317 3116 1605 3206 impetu
1657 3096 1843 3181 ve'lit
1894 3115 2507 3202 appropinquare,
2558 3134 2597 3177 a
2647 3112 2976 3180 turribus
3026 3112 3284 3180 dextra
3351 3133 3434 3180 ac
3493 3106 3767 3180 sinistra
3821 3110 4176 3178 lateribus

1043 3260 1339 3350 apertis,
1381 3257 1548 3323 telis
1592 3255 2052 3324 vulneretur.
2196 3253 2772 3348 Curandumque
2831 3257 3153 3326 maxime
3200 3257 3534 3342 videtur,
3592 3275 3681 3325 ut
3739 3280 3892 3324 non
3944 3254 4172 3325 facilis

1036 3398 1127 3469 fit
1170 3399 1410 3468 aditus
1460 3397 1553 3466 ad
1599 3397 2182 3490 oppugnandum
2229 3387 2570 3468 murum:
2616 3399 2740 3469 sed
2785 3402 2891 3470 ita
2934 3403 3544 3472 circumdandum
3604 3403 3695 3472 ad
3745 3404 3905 3472 loca
3967 3426 4175 3493 prae-

1037 3545 1311 3638 cipitia,
1370 3562 1444 3612 et
1486 3543 2081 3637 excogitandum,
2128 3542 2241 3610 uti
2285 3560 2676 3636 portarum
2721 3546 2990 3613 itinera
3036 3570 3187 3614 non
3236 3542 3375 3612 sint
3424 3544 3719 3627 directa,
3767 3542 3890 3610 sed
3931 3539 4166 3634 σκαιοί.

1035 3697 1379 3783 Namque
1429 3714 1599 3759 cum
1646 3689 1748 3755 ita
1800 3686 2076 3768 factum
2127 3686 2392 3773 fuerit,
2451 3707 2635 3758 tunc
2692 3687 3044 3756 dextrum
3090 3689 3285 3758 latus
3347 3689 3896 3775 accedentibus,
3957 3689 4166 3782 quod

1034 3837 1236 3907 scuto
1278 3858 1431 3903 non
1480 3834 1624 3902 erit
1666 3849 1969 3918 tectum,
2017 3837 2452 3927 proximum
2500 3834 2643 3902 erit
2688 3855 2930 3933 muro.
3071 3834 3511 3905 collocanda
3578 3853 3831 3904 autem
3890 3836 4164 3930 oppida

1031 3983 1201 4053 sunt
1247 4005 1401 4048 non
1461 3976 1844 4072 quadrata,
1923 4006 2089 4050 nec·
2122 3978 2730 4073 procurrentibus
2788 3982 3108 4074 angulis,
3184 3979 3310 4051 sed
3373 3982 3969 4074 circuitionibus,
4043 3987 4158 4052 uti

1029 4122 1249 4196 hostis
1302 4150 1397 4194 ex
1445 4125 1783 4218 pluribus
1836 4126 2017 4195 locis
2069 4122 2579 4218 conspiciatur.
2683 4135 2769 4198 In
2824 4127 3094 4221 quibus
3143 4105 3344 4198 eiiim
3387 4131 3639 4225 anguli
3686 4149 4155 4224 procurrunt,

1030 4268 1431 4341 difficiliter
1478 4271 1920 4356 defenditur,
1972 4270 2173 4363 quod
2223 4272 2532 4365 angulus
2583 4275 2811 4369 magis
2855 4269 3138 4343 hostem
3171 4293 3467 4345 tueatur
3506 4276 3584 4367 ²)
3635 4299 3857 4367 quam
3887 4277 4150 4346 civem.

1164 4513 1220 4572 ι)
1286 4509 1381 4562 Sic
1418 4510 1525 4570 ΜΓ,
1568 4510 1762 4564 Schol.
1798 4508 1932 4581 Rip.
2013 4505 2171 4561 Alias
2207 4513 2479 4564 moenium
2513 4512 2973 4568 collocandorum.

1159 4644 1220 4712 2)
1285 4642 1379 4695 Sic
1421 4642 1566 4697 Cod.
1605 4642 1797 4698 Guelf.
1889 4641 1980 4695 Al.
2020 4657 2219 4696 tuetur.
2809 4647 2866 4710 ⁶)
2936 4647 3143 4699 forma
3183 4649 3228 4700 1.
