4697 5919
1402 349 1760 414 LIBER.
1826 350 1966 414 IV.
2097 348 2471 414 CAPUT
2547 351 2657 415 II.
2985 361 2993 369 '
3491 368 3575 431 31

441 581 611 651 baci
659 575 1065 664 crassitudo,
1108 595 1261 648 tam
1307 580 1557 673 magni
1611 580 2048 651 formentur.
2197 587 2308 651 Ita
2357 576 2476 649 his
2520 574 2967 671 symmetriis
3017 574 3414 655 Corinthia·
3470 610 3580 657 ca-

440 730 681 822 pitula
729 727 887 797 suas
926 727 1326 796 habebunt
1377 724 1818 796 exactiones.
1920 731 2106 795 Sunt
2153 744 2403 795 autem
2449 751 2636 821 quae
2691 728 2956 799 iisdem
3015 732 3379 802 columnis
3442 719 3576 804 i'mss

439 892 832 970 ponuntur
893 873 1399 966 capitulorum
1458 894 1729 967 genera
1810 873 2034 940 variis
2095 872 2478 942 vocabulis
2537 877 2935 961 nominata,
3040 902 3365 972 quorum
3435 860 3570 951 nec

441 1022 934 1115 proprietates
980 1018 1603 1109 symmetriarum,
1671 1043 1809 1087 nec
1842 1012 2386 1088 ‘columnarum
2451 1043 2681 1115 genus
2734 1023 2936 1092 aliud
2982 1027 3369 1094 nominare
3419 1028 3576 1120 pos·

442 1167 723 1239 sumus:
774 1167 896 1238 sed
944 1165 1273 1259 ipsorum
1322 1132 1686 1236 vocabula
1738 1165 2079 1236 traducta
2130 1182 2205 1235 et
2255 1185 2709 1236 commutata
2771 1194 2865 1238 ex
2928 1172 3331 1240 Corinthiis
3373 1174 3436 1255 *>
3501 1192 3575 1244 et

439 1316 846 1407 pulvinatis
896 1313 1001 1405 **)
1073 1330 1149 1382 et
1201 1313 1494 1383 Doricis
1579 1313 1938 1398 videmus,
1981 1312 2121 1403 ***)
2190 1336 2517 1406 quorum
2582 1314 3053 1405 symmetriae
3106 1316 3272 1389 sunt
3318 1319 3399 1387 in
3448 1344 3576 1389 no·

438 1482 705 1531 varum
749 1459 1293 1556 scalpturarum
1333 1461 1726 1531 translatae
1779 1459 2289 1530 subtilitatem.

1669 1721 2116 1798 CAPUT
2229 1726 2336 1797 ΙΙ.

1368 1938 1377 1953 ·
1422 1908 1542 1975 De
1592 1908 2034 1977 ornamentis
2082 1907 2607 1976 columnarum.

445 2070 868 2216 Quoniam
912 2130 1163 2189 autem
1214 2114 1304 2213 <le
1354 2096 1754 2206 generibus
1815 2116 2341 2181 columnarum
2402 2115 2721 2204 origines
2798 2131 2876 2179 et
2937 2114 3405 2185 inventiones
3467 2118 3576 2187 su-

435 2281 570 2355 pra
616 2226 799 2326 sunt
836 2254 1166 2347 scriptae,
1226 2236 1378 2321 non
1429 2256 1760 2327 alienum
1806 2226 2359 2337 mihi-videtur
2406 2255 2672 2323 iisdem
2713 2226 3148 2325 *rationibus
3213 2259 3304 2328 de
3368 2286 3578 2333 orna-

436 2404 709 2474 mentis
759 2379 1042 2486 eorum‚
1079 2395 1718 2492 ,quemadmodum
1766 2395 1935 2465 sunt
1981 2414 2363 2492 prognata,
2405 2414 2491 2465 et
2535 2397 2810 2490 quibus
2862 2400 3252 2494 principiis
3308 2424 3383 2475 et
3432 2412 3576 2479 ori·
3616 2439 3622 2446 ·

440 2532 737 2645 ginibus
787 2548 1112 2631 inventa,
1184 2543 1449 2615 dicere.
1550 2551 1638 2613 In
1679 2540 2033 2614 aedificiis
2077 2543 2426 2613 omnibus
2475 2542 2776 2636 insuper
2819 2545 3235 2618 collocatur
3281 2546 3580 2623 materiss

440 2658 591 2766 atio
637 2695 858 2763 variis
909 2688 1307 2763 vocabulis
1343 2692 1742 2761 nominata.
1774 2690 1858 2781 †)
1908 2698 2317 2800 Eaautem
2368 2691 2482 2759 uti
2531 2691 2611 2768 in
2660 2692 3316 2801 nominationibus·
3351 2700 3454 2768 ita
3497 2702 3575 2771 in

439 2868 523 2913 re
574 2842 810 2911 varias
858 2837 1090 2907 habet
1135 2808 1514 2906 utilitates,
1635 2834 1916 2906 Trabes
1966 2834 2093 2930 (b)
2156 2836 2360 2905 enim
2415 2834 2629 2930 supra
2696 2841 3078 2909 columnas
3135 2860 3209 2912 et
3269 2841 3577 2937 parasta-

432 2952 549 3065 tas
606 2988 681 3080 ¹)
712 3004 785 3055 et
812 3003 1013 3054 antas
1062 3001 1485 3078 ponuntur:
1532 2983 1609 3050 in
1641 2981 2321 3074 contignationibus
2359 2982 2558 3076 tigna
2595 2982 2703 3070 (c)
2742 3002 2816 3052 et
2861 3009 3031 3054 axes
3077 2987 3217 3078 (x),
3264 2988 3398 3058 sub
3433 3009 3577 3061 tec-

429 3136 572 3226 tis;
621 3129 674 3203 fi
715 3131 996 3220 majora
1051 3128 1274 3225 spatia
1319 3127 1485 3197 sunt
1538 3130 1632 3240 2),
1680 3127 1980 3198 culmen
2031 3125 2142 3216 (d)
2191 3126 2271 3194 in
2323 3125 2614 3195 summo
2668 3122 2976 3220 fastigio
3002 3130 3399 3202 columinis
3442 3133 3574 3224 (a),

432 3280 642 3352 unde
698 3295 770 3346 et
823 3279 1213 3346 columnae
1266 3275 1640 3357 dicuntur,
1691 3290 1766 3342 et
1813 3266 2125 3342 transtra
2173 3268 2284 3361 (e)
2350 3289 2424 3342 et
2468 3272 2796 3366 capreoli
2848 3270 2985 3365 (03
3053 3271 3108 3342 fi
3171 3278 3577 3364 commoda,

404 3425 798 3518 ‘columen
849 3418 923 3508 ³)
990 3436 1064 3488 et
1107 3418 1474 3488 cantherii
1517 3415 1633 3506 (h)
1680 3382 2187 3509 prominentes
2239 3414 2331 3482 ad.
2385 3433 2798 3485 extremam
2843 3417 3574 3516 subgrundationem.

443 3578 678 3664 Sup1a
732 3565 1171 3647 cantheri05‚
1222 3563 1501 3656 templa
1554 3560 1711 3654 (o);
1775 3558 2049 3629 deinde
2093 3555 2396 3650 insuper
2449 3557 2582 3627 sub
2645 3560 2933 3653 tegulas
2984 3559 3241 3634 afferes
3304 3567 3411 3660 (g)
3476 3571 3578 3639 ita

444 3717 971 3816 prominenteS‚
1049 3710 1165 3779 uti
1204 3709 1521 3804 parietes
1572 3705 2019 3801 piojecturis
2081 3728 2348 3773 eorum
2408 3708 2774 3800 tegantur.
2923 3715 3035 3778 Ita
3088 3734 3576 3809 unaquaeque

446 3889 563 3934 res
621 3879 694 3931 et
741 3862 999 3929 locum
1059 3875 1145 3928 et
1174 3879 1403 3964 nrepus
1436 3872 1510 3923 et
1561 3854 1901 3925 ordinem
1950 3852 2343 3946 proprium
2392 3868 2670 3938 tuetur,
2718 3879 2759 3923 e
2813 3853 3085 3948 quibus
3133 3857 3362 3929 rebus
3412 3878 3487 3930 et
3530 3867 3570 3939 a

582 4148 636 4215 ο)
702 4145 913 4197 Forma
946 4140 1052 4193 111,
1088 4137 1192 4197 IV.
1329 4138 1405 4208 ··)
1482 4137 1691 4192 Forma
1724 4136 1796 4194 V.
1931 4138 2038 4200 “⁸2
2103 4135 2315 4189 Forma
2351 4134 2453 4192 VI.
2590 4133 2657 4205 †)
2733 4133 2942 4188 Forma
2981 4134 3113 4194 VII.
3146 4135 3307 4195 vm.

500 4254 513 4270 ο
590 4301 645 4369 ι)
718 4293 864 4372 Cotl.
900 4311 1007 4372 rus.
1066 4305 1123 4345 et
1157 4288 1244 4344 ed.
1281 4287 1445 4362 Sulp.
1484 4288 1881 4365 parastaticas.

586 4455 648 4514 2)
720 4446 861 4501 Non
898 4444 1175 4520 leguntur
1210 4441 1273 4494 in
1305 4440 1450 4494 Cod.
1486 4460 1589 4494 ms.
1625 4459 1728 4493 nec
1762 4439 1826 4492 in
1873 4438 2325 4494 Franeckeriano
2376 4437 2551 4492 verba
2589 4438 2882 4512 sequeutia
2932 4460 3112 4515 usque
3173 4441 3242 4498 ad
3304 4458 3359 4495 et
3406 4443 3580 4518 trans-

762 4561 873 4599 tra·
948 4547 1023 4598 At
1068 4545 1136 4595 E·
1176 4543 1229 4594 S·
1269 4541 1441 4615 Ῑθὲἰῖὲ
1479 4540 1763 4597 columnae
1782 4540 1996 4617 summa
2013 4537 2274 4616 fastigia
2311 4540 2569 4594 culminis
2595 4542 2738 4594 unde
2769 4555 2824 4594 et
2859 4541 3141 4597 columnae
3167 4543 3442 4596 dicuntur.

510 4766 524 4776 ἡ
586 4703 643 4770 5)
713 4696 871 4751 Edit.
921 4681 1085 4768 sulp.
1122 4691 1417 4747 columelli·

648 4847 872 4910 Vtra.
923 4842 1129 4908 ΤοΜ.
1182 4840 1238 4904 1.
2853 4863 2858 4868 ·
3115 4866 3139 4883 κ
3192 4859 3297 4904 11.
