<?xml version="1.0" encoding="UTF-8"?>
<!DOCTYPE html PUBLIC "-//W3C//DTD XHTML 1.0 Transitional//EN"
    "http://www.w3.org/TR/xhtml1/DTD/xhtml1-transitional.dtd">
<html xmlns="http://www.w3.org/1999/xhtml" xml:lang="en" lang="en">
 <head>
  <title>
</title>
<meta http-equiv="Content-Type" content="text/html;charset=utf-8" />
  <meta name='ocr-system' content='tesseract 3.04.00' />
  <meta name='ocr-capabilities' content='ocr_page ocr_carea ocr_par ocr_line ocrx_word'/>
</head>
<body>
  <div class='ocr_page' id='page_1' title='image "./marcivitruviipo00rodegoog_0259.png"; bbox 0 0 4697 5919; ppageno 0'>
   <div class='ocr_carea' id='block_1_1' title="bbox 1014 267 3710 408">
    <p class='ocr_par' dir='ltr' id='par_1_1' title="bbox 1014 267 3710 408">
     <span class='ocr_line' id='line_1_1' title="bbox 1014 267 3710 408; baseline 0.001 -20"><span class='ocrx_word' id='word_1_1' title='bbox 1014 289 1115 378; x_wconf 62' lang='lat'><strong>&#39;1</strong></span> <span class='ocrx_word' id='word_1_2' title='bbox 1248 267 1251 270; x_wconf 7' lang='grc' dir='ltr'><em>Α</em></span> <span class='ocrx_word' id='word_1_3' title='bbox 1364 369 1373 378; x_wconf 13' lang='grc' dir='ltr'>ὴ</span> <span class='ocrx_word' id='word_1_4' title='bbox 1578 317 1937 391; x_wconf 75' lang='lat' dir='ltr'>L1BER</span> <span class='ocrx_word' id='word_1_5' title='bbox 1992 315 2728 391; x_wconf 62' lang='lat' dir='ltr'><strong>xncAPtJren.</strong></span> <span class='ocrx_word' id='word_1_6' title='bbox 2852 324 2856 330; x_wconf 90' lang='lat'><em>·</em></span> <span class='ocrx_word' id='word_1_7' title='bbox 3139 375 3152 382; x_wconf 55' lang='lat'><em>„</em></span> <span class='ocrx_word' id='word_1_8' title='bbox 3567 342 3710 408; x_wconf 55' lang='grc' dir='ltr'><strong>εει</strong></span> 
     </span>
    </p>
   </div>
   <div class='ocr_carea' id='block_1_2' title="bbox 557 541 3832 1824">
    <p class='ocr_par' dir='ltr' id='par_1_2' title="bbox 579 535 3709 653">
     <span class='ocr_line' id='line_1_2' title="bbox 579 541 3709 653; baseline -0.001 -23"><span class='ocrx_word' id='word_1_9' title='bbox 579 580 707 631; x_wconf 88' lang='lat' dir='ltr'><strong>mo</strong></span> <span class='ocrx_word' id='word_1_10' title='bbox 765 553 1097 631; x_wconf 85' lang='lat' dir='ltr'><strong>trochlea</strong></span> <span class='ocrx_word' id='word_1_11' title='bbox 1149 555 1290 652; x_wconf 91' lang='lat' dir='ltr'><strong>(C),</strong></span> <span class='ocrx_word' id='word_1_12' title='bbox 1351 580 1575 653; x_wconf 88' lang='lat' dir='ltr'><strong>quam</strong></span> <span class='ocrx_word' id='word_1_13' title='bbox 1625 549 1851 628; x_wconf 85' lang='lat' dir='ltr'><strong>etiam</strong></span> <span class='ocrx_word' id='word_1_14' title='bbox 1899 541 2278 626; x_wconf 63' lang='lat' dir='ltr'><strong>nonnulli⁸</strong></span> <span class='ocrx_word' id='word_1_15' title='bbox 2300 555 2733 627; x_wconf 83' lang='lat' dir='ltr'>rechamum</span> <span class='ocrx_word' id='word_1_16' title='bbox 2779 553 3059 629; x_wconf 83' lang='lat' dir='ltr'><strong>dicunt.</strong></span> <span class='ocrx_word' id='word_1_17' title='bbox 3159 564 3250 630; x_wconf 87' lang='lat' dir='ltr'><strong>In</strong></span> <span class='ocrx_word' id='word_1_18' title='bbox 3289 557 3709 628; x_wconf 83' lang='lat' dir='ltr'><strong>trochleam</strong></span> 
     </span>
    </p>

    <p class='ocr_par' dir='ltr' id='par_1_3' title="bbox 557 670 3832 1824">
     <span class='ocr_line' id='line_1_3' title="bbox 577 670 3832 799; baseline 0.001 -26"><span class='ocrx_word' id='word_1_19' title='bbox 577 705 953 775; x_wconf 88' lang='lat' dir='ltr'><strong>induntur</strong></span> <span class='ocrx_word' id='word_1_20' title='bbox 1001 707 1325 775; x_wconf 81' lang='lat' dir='ltr'>orbiculi</span> <span class='ocrx_word' id='word_1_21' title='bbox 1372 703 1498 795; x_wconf 83' lang='lat' dir='ltr'><strong>(o)</strong></span> <span class='ocrx_word' id='word_1_22' title='bbox 1550 691 1720 789; x_wconf 89' lang='lat' dir='ltr'><strong>du0,</strong></span> <span class='ocrx_word' id='word_1_23' title='bbox 1791 725 1927 797; x_wconf 91' lang='lat' dir='ltr'><strong>per</strong></span> <span class='ocrx_word' id='word_1_24' title='bbox 1972 704 2299 780; x_wconf 76' lang='lat' dir='ltr'>axiculos</span> <span class='ocrx_word' id='word_1_25' title='bbox 2348 701 2795 776; x_wconf 73' lang='lat' dir='ltr'>versationes</span> <span class='ocrx_word' id='word_1_26' title='bbox 2842 706 3224 792; x_wconf 77' lang='lat' dir='ltr'><strong>habenteS,</strong></span> <span class='ocrx_word' id='word_1_27' title='bbox 3294 728 3429 799; x_wconf 91' lang='lat' dir='ltr'><strong>per</strong></span> <span class='ocrx_word' id='word_1_28' title='bbox 3494 703 3704 794; x_wconf 80' lang='lat' dir='ltr'><strong>cujus</strong></span> <span class='ocrx_word' id='word_1_29' title='bbox 3825 670 3832 674; x_wconf 67' lang='lat'><em>.</em></span> 
     </span>
     <span class='ocr_line' id='line_1_4' title="bbox 573 833 3754 942; baseline -0.001 -18"><span class='ocrx_word' id='word_1_30' title='bbox 573 851 996 924; x_wconf 75' lang='lat' dir='ltr'><strong>,orbiculum</strong></span> <span class='ocrx_word' id='word_1_31' title='bbox 1051 851 1426 942; x_wconf 84' lang='lat' dir='ltr'><strong>summum</strong></span> <span class='ocrx_word' id='word_1_32' title='bbox 1474 848 1843 939; x_wconf 79' lang='lat' dir='ltr'><strong>trajicitur</strong></span> <span class='ocrx_word' id='word_1_33' title='bbox 1886 848 2275 919; x_wconf 80' lang='lat' dir='ltr'><strong>ductarius</strong></span> <span class='ocrx_word' id='word_1_34' title='bbox 2309 847 2524 919; x_wconf 83' lang='lat' dir='ltr'><strong>funis.</strong></span> <span class='ocrx_word' id='word_1_35' title='bbox 2569 849 2706 941; x_wconf 90' lang='lat' dir='ltr'><strong>(D)</strong></span> <span class='ocrx_word' id='word_1_36' title='bbox 2821 851 3113 923; x_wconf 79' lang='lat' dir='ltr'><strong>Deinde</strong></span> <span class='ocrx_word' id='word_1_37' title='bbox 3162 833 3584 922; x_wconf 79' lang='lat' dir='ltr'><strong>demittitur</strong></span> <span class='ocrx_word' id='word_1_38' title='bbox 3629 851 3705 920; x_wconf 79' lang='lat' dir='ltr'><strong>et</strong></span> <span class='ocrx_word' id='word_1_39' title='bbox 3751 899 3754 900; x_wconf 24' lang='grc' dir='ltr'><em>ν</em></span> 
     </span>
     <span class='ocr_line' id='line_1_5' title="bbox 571 967 3704 1092; baseline 0.001 -28"><span class='ocrx_word' id='word_1_40' title='bbox 571 992 992 1066; x_wconf 78' lang='lat' dir='ltr'><strong>traducitur</strong></span> <span class='ocrx_word' id='word_1_41' title='bbox 1041 998 1228 1066; x_wconf 88' lang='lat' dir='ltr'><strong>circa</strong></span> <span class='ocrx_word' id='word_1_42' title='bbox 1283 995 1605 1067; x_wconf 78' lang='lat' dir='ltr'><strong>orbiculi</strong></span> <span class='ocrx_word' id='word_1_43' title='bbox 1641 996 2315 1065; x_wconf 64' lang='lat' dir='ltr'><strong>imunt-trochleae</strong></span> <span class='ocrx_word' id='word_1_44' title='bbox 2351 1043 2354 1048; x_wconf 92' lang='lat'><em>-</em></span> <span class='ocrx_word' id='word_1_45' title='bbox 2386 994 2756 1067; x_wconf 86' lang='lat' dir='ltr'><strong>inferioris</strong></span> <span class='ocrx_word' id='word_1_46' title='bbox 2818 967 2990 1092; x_wconf 85' lang='lat' dir='ltr'><strong>(E);¹</strong></span> <span class='ocrx_word' id='word_1_47' title='bbox 3063 997 3389 1068; x_wconf 81' lang='lat' dir='ltr'><strong>refertur</strong></span> <span class='ocrx_word' id='word_1_48' title='bbox 3433 995 3704 1066; x_wconf 53' lang='lat' dir='ltr'><strong>&#39;autem</strong></span> 
     </span>
     <span class='ocr_line' id='line_1_6' title="bbox 569 1131 3702 1252; baseline 0 -40"><span class='ocrx_word' id='word_1_49' title='bbox 569 1142 662 1212; x_wconf 79' lang='lat' dir='ltr'><strong>ad</strong></span> <span class='ocrx_word' id='word_1_50' title='bbox 713 1143 1137 1212; x_wconf 86' lang='lat' dir='ltr'><strong>orbiculum</strong></span> <span class='ocrx_word' id='word_1_51' title='bbox 1186 1142 1429 1212; x_wconf 84' lang='lat' dir='ltr'><strong>imum</strong></span> <span class='ocrx_word' id='word_1_52' title='bbox 1469 1142 1849 1244; x_wconf 84' lang='lat' dir='ltr'><strong>trochleae</strong></span> <span class='ocrx_word' id='word_1_53' title='bbox 1905 1140 2319 1236; x_wconf 72' lang='lat' dir='ltr'><strong>superioriS,</strong></span> <span class='ocrx_word' id='word_1_54' title='bbox 2388 1158 2464 1252; x_wconf 78' lang='lat' dir='ltr'><strong>et</strong></span> <span class='ocrx_word' id='word_1_55' title='bbox 2511 1143 2615 1211; x_wconf 86' lang='lat' dir='ltr'><strong>ita</strong></span> <span class='ocrx_word' id='word_1_56' title='bbox 2657 1142 3035 1215; x_wconf 87' lang='lat' dir='ltr'><strong>descendit</strong></span> <span class='ocrx_word' id='word_1_57' title='bbox 3100 1144 3193 1215; x_wconf 87' lang='lat' dir='ltr'><strong>ad</strong></span> <span class='ocrx_word' id='word_1_58' title='bbox 3250 1131 3702 1228; x_wconf 85' lang='lat' dir='ltr'><strong>inferiorem,</strong></span> 
     </span>
     <span class='ocr_line' id='line_1_7' title="bbox 567 1287 3704 1391; baseline 0 -34"><span class='ocrx_word' id='word_1_59' title='bbox 567 1291 770 1380; x_wconf 77' lang='lat' dir='ltr'><strong>etin</strong></span> <span class='ocrx_word' id='word_1_60' title='bbox 821 1289 1182 1359; x_wconf 87' lang='lat' dir='ltr'><strong>foramine</strong></span> <span class='ocrx_word' id='word_1_61' title='bbox 1232 1289 1339 1380; x_wconf 79' lang='lat' dir='ltr'><strong>(F)</strong></span> <span class='ocrx_word' id='word_1_62' title='bbox 1390 1288 1545 1381; x_wconf 86' lang='lat' dir='ltr'><strong>ejus</strong></span> <span class='ocrx_word' id='word_1_63' title='bbox 1594 1305 1818 1382; x_wconf 85' lang='lat' dir='ltr'><strong>caput</strong></span> <span class='ocrx_word' id='word_1_64' title='bbox 1867 1287 2064 1358; x_wconf 89' lang='lat' dir='ltr'><strong>funis</strong></span> <span class='ocrx_word' id='word_1_65' title='bbox 2106 1290 2492 1391; x_wconf 81' lang='lat' dir='ltr'><strong>religatur.</strong></span> <span class='ocrx_word' id='word_1_66' title='bbox 2609 1291 2865 1360; x_wconf 81' lang='lat' dir='ltr'><strong>Altera</strong></span> <span class='ocrx_word' id='word_1_67' title='bbox 2921 1315 3086 1385; x_wconf 85' lang='lat' dir='ltr'><strong>pars</strong></span> <span class='ocrx_word' id='word_1_68' title='bbox 3138 1291 3337 1364; x_wconf 78' lang='lat' dir='ltr'><strong>su&#39;nis</strong></span> <span class='ocrx_word' id='word_1_69' title='bbox 3383 1289 3704 1361; x_wconf 78' lang='lat' dir='ltr'><strong>refertur</strong></span> 
     </span>
     <span class='ocr_line' id='line_1_8' title="bbox 567 1399 3727 1550; baseline 0.001 -49"><span class='ocrx_word' id='word_1_70' title='bbox 567 1433 769 1504; x_wconf 91' lang='lat' dir='ltr'><strong>inter</strong></span> <span class='ocrx_word' id='word_1_71' title='bbox 810 1419 992 1505; x_wconf 84' lang='lat' dir='ltr'><strong>imas</strong></span> <span class='ocrx_word' id='word_1_72' title='bbox 1040 1436 1423 1518; x_wconf 79' lang='lat' dir='ltr'><strong>machinae</strong></span> <span class='ocrx_word' id='word_1_73' title='bbox 1467 1453 1727 1529; x_wconf 67' lang='lat' dir='ltr'><strong>partes„</strong></span> <span class='ocrx_word' id='word_1_74' title='bbox 1870 1436 1957 1510; x_wconf 85' lang='lat' dir='ltr'><strong>In</strong></span> <span class='ocrx_word' id='word_1_75' title='bbox 2012 1399 2316 1550; x_wconf 23' lang='lat' dir='ltr'><strong>&#39;quadris</strong></span> <span class='ocrx_word' id='word_1_76' title='bbox 2386 1454 2637 1506; x_wconf 88' lang='lat' dir='ltr'><strong>autem</strong></span> <span class='ocrx_word' id='word_1_77' title='bbox 2711 1439 3097 1533; x_wconf 81' lang='lat' dir='ltr'><strong>tignorum</strong></span> <span class='ocrx_word' id='word_1_78' title='bbox 3158 1433 3727 1533; x_wconf 72' lang='lat' dir='ltr'><strong>posterioribus„</strong></span> 
     </span>
     <span class='ocr_line' id='line_1_9' title="bbox 560 1551 3697 1678; baseline 0.001 -32"><span class='ocrx_word' id='word_1_79' title='bbox 560 1601 715 1672; x_wconf 86' lang='lat' dir='ltr'><strong>quo</strong></span> <span class='ocrx_word' id='word_1_80' title='bbox 754 1580 904 1650; x_wconf 92' lang='lat' dir='ltr'><strong>loci</strong></span> <span class='ocrx_word' id='word_1_81' title='bbox 957 1581 1126 1650; x_wconf 89' lang='lat' dir='ltr'><strong>sunt</strong></span> <span class='ocrx_word' id='word_1_82' title='bbox 1170 1581 1584 1667; x_wconf 82' lang='lat' dir='ltr'><strong>divaricata,</strong></span> <span class='ocrx_word' id='word_1_83' title='bbox 1632 1551 1973 1676; x_wconf 80' lang='lat' dir='ltr'><strong>figuntur</strong></span> <span class='ocrx_word' id='word_1_84' title='bbox 2015 1582 2358 1650; x_wconf 85' lang='lat' dir='ltr'><strong>chelonia</strong></span> <span class='ocrx_word' id='word_1_85' title='bbox 2401 1552 2647 1674; x_wconf 66' lang='lat' dir='ltr'><strong>(G‘G),</strong></span> <span class='ocrx_word' id='word_1_86' title='bbox 2688 1584 2771 1652; x_wconf 91' lang='lat' dir='ltr'><strong>in</strong></span> <span class='ocrx_word' id='word_1_87' title='bbox 2821 1608 3008 1678; x_wconf 90' lang='lat' dir='ltr'><strong>quae</strong></span> <span class='ocrx_word' id='word_1_88' title='bbox 3056 1585 3560 1675; x_wconf 85' lang='lat' dir='ltr'><strong>conjiciuntur</strong></span> <span class='ocrx_word' id='word_1_89' title='bbox 3585 1581 3697 1650; x_wconf 87' lang='lat' dir='ltr'><strong>su-</strong></span> 
     </span>
     <span class='ocr_line' id='line_1_10' title="bbox 557 1694 3695 1824; baseline 0.001 -31"><span class='ocrx_word' id='word_1_90' title='bbox 557 1726 896 1796; x_wconf 86' lang='lat' dir='ltr'><strong>cularum</strong></span> <span class='ocrx_word' id='word_1_91' title='bbox 938 1729 1194 1820; x_wconf 87' lang='lat' dir='ltr'><strong>capita,</strong></span> <span class='ocrx_word' id='word_1_92' title='bbox 1236 1745 1322 1797; x_wconf 91' lang='lat' dir='ltr'><strong>ut</strong></span> <span class='ocrx_word' id='word_1_93' title='bbox 1366 1726 1687 1797; x_wconf 85' lang='lat' dir='ltr'><strong>faciliter</strong></span> <span class='ocrx_word' id='word_1_94' title='bbox 1731 1737 1900 1798; x_wconf 78' lang='lat' dir='ltr'><strong>axes</strong></span> <span class='ocrx_word' id='word_1_95' title='bbox 1945 1727 2355 1797; x_wconf 87' lang='lat' dir='ltr'><strong>versentur.</strong></span> <span class='ocrx_word' id='word_1_96' title='bbox 2506 1736 2653 1800; x_wconf 86' lang='lat' dir='ltr'><strong>Eae</strong></span> <span class='ocrx_word' id='word_1_97' title='bbox 2713 1694 3007 1800; x_wconf 82' lang='lat' dir='ltr'><strong>suculae</strong></span> <span class='ocrx_word' id='word_1_98' title='bbox 3061 1715 3406 1824; x_wconf 75' lang='lat' dir='ltr'><strong>proxime</strong></span> <span class='ocrx_word' id='word_1_99' title='bbox 3456 1728 3695 1823; x_wconf 77' lang='lat' dir='ltr'><strong>caPita</strong></span> 
     </span>
    </p>
   </div>
   <div class='ocr_carea' id='block_1_3' title="bbox 551 1870 3683 1967">
    <p class='ocr_par' dir='ltr' id='par_1_4' title="bbox 551 1870 3683 1967">
     <span class='ocr_line' id='line_1_11' title="bbox 551 1870 3683 1967; baseline -0.001 -24"><span class='ocrx_word' id='word_1_100' title='bbox 551 1870 834 1943; x_wconf 85' lang='lat' dir='ltr'><strong>habent</strong></span> <span class='ocrx_word' id='word_1_101' title='bbox 879 1872 1241 1943; x_wconf 87' lang='lat' dir='ltr'><strong>foramina</strong></span> <span class='ocrx_word' id='word_1_102' title='bbox 1280 1873 1455 1944; x_wconf 89' lang='lat' dir='ltr'><strong>bina</strong></span> <span class='ocrx_word' id='word_1_103' title='bbox 1508 1873 1579 1964; x_wconf 91' lang='grc' dir='ltr'><strong>(Ι</strong></span> <span class='ocrx_word' id='word_1_104' title='bbox 1612 1877 1673 1962; x_wconf 91' lang='lat'><strong>1&gt;</strong></span> <span class='ocrx_word' id='word_1_105' title='bbox 1719 1876 1822 1944; x_wconf 90' lang='lat' dir='ltr'><strong>ita</strong></span> <span class='ocrx_word' id='word_1_106' title='bbox 1872 1891 2308 1967; x_wconf 87' lang='lat' dir='ltr'><strong>temperata,</strong></span> <span class='ocrx_word' id='word_1_107' title='bbox 2373 1892 2459 1966; x_wconf 81' lang='lat' dir='ltr'><strong>ut</strong></span> <span class='ocrx_word' id='word_1_108' title='bbox 2505 1893 2748 1945; x_wconf 85' lang='lat' dir='ltr'><strong>vectes</strong></span> <span class='ocrx_word' id='word_1_109' title='bbox 2811 1876 2943 1967; x_wconf 88' lang='lat' dir='ltr'><strong>(K)</strong></span> <span class='ocrx_word' id='word_1_110' title='bbox 3009 1878 3091 1945; x_wconf 90' lang='lat' dir='ltr'><strong>in</strong></span> <span class='ocrx_word' id='word_1_111' title='bbox 3150 1901 3233 1946; x_wconf 88' lang='lat' dir='ltr'><strong>ea</strong></span> <span class='ocrx_word' id='word_1_112' title='bbox 3283 1874 3683 1949; x_wconf 84' lang='lat' dir='ltr'><strong>convenire</strong></span> 
     </span>
    </p>
   </div>
   <div class='ocr_carea' id='block_1_4' title="bbox 552 2004 3812 2145">
    <p class='ocr_par' dir='ltr' id='par_1_5' title="bbox 552 2004 3812 2145">
     <span class='ocr_line' id='line_1_12' title="bbox 552 2004 3812 2145; baseline 0.002 -62"><span class='ocrx_word' id='word_1_113' title='bbox 552 2009 838 2106; x_wconf 82' lang='lat' dir='ltr'><strong>possint.</strong></span> <span class='ocrx_word' id='word_1_114' title='bbox 988 2017 1107 2086; x_wconf 89' lang='lat' dir='ltr'><strong>Ad</strong></span> <span class='ocrx_word' id='word_1_115' title='bbox 1160 2018 1592 2086; x_wconf 82' lang='lat' dir='ltr'><strong>rechamum</strong></span> <span class='ocrx_word' id='word_1_116' title='bbox 1656 2035 1907 2132; x_wconf 77' lang='lat' dir='ltr'><strong>autem</strong></span> <span class='ocrx_word' id='word_1_117' title='bbox 1970 2020 2210 2085; x_wconf 89' lang='lat' dir='ltr'><strong>imum</strong></span> <span class='ocrx_word' id='word_1_118' title='bbox 2280 2018 2506 2086; x_wconf 85' lang='lat' dir='ltr'><strong>ferrei</strong></span> <span class='ocrx_word' id='word_1_119' title='bbox 2560 2018 2875 2113; x_wconf 89' lang='lat' dir='ltr'><strong>forcipes</strong></span> <span class='ocrx_word' id='word_1_120' title='bbox 2925 2004 3098 2111; x_wconf 88' lang='lat' dir='ltr'><strong>(L)</strong></span> <span class='ocrx_word' id='word_1_121' title='bbox 3127 2021 3210 2112; x_wconf 82' lang='lat'><strong>³)</strong></span> <span class='ocrx_word' id='word_1_122' title='bbox 3249 2021 3688 2145; x_wconf 85' lang='lat' dir='ltr'><strong>religantur,</strong></span> <span class='ocrx_word' id='word_1_123' title='bbox 3805 2037 3812 2042; x_wconf 73' lang='grc'><em>“</em></span> 
     </span>
    </p>
   </div>
   <div class='ocr_carea' id='block_1_5' title="bbox 552 2129 3683 2253">
    <p class='ocr_par' dir='ltr' id='par_1_6' title="bbox 552 2129 3683 2253">
     <span class='ocr_line' id='line_1_13' title="bbox 552 2129 3683 2253; baseline 0.001 -26"><span class='ocrx_word' id='word_1_124' title='bbox 552 2171 882 2253; x_wconf 81' lang='lat' dir='ltr'><strong>quorum</strong></span> <span class='ocrx_word' id='word_1_125' title='bbox 930 2129 1205 2231; x_wconf 32' lang='lat' dir='ltr'><strong>dentes·</strong></span> <span class='ocrx_word' id='word_1_126' title='bbox 1234 2158 1322 2250; x_wconf 91' lang='lat' dir='ltr'><strong>(l.</strong></span> <span class='ocrx_word' id='word_1_127' title='bbox 1358 2161 1502 2242; x_wconf 86' lang='grc'><strong>1.)</strong></span> <span class='ocrx_word' id='word_1_128' title='bbox 1483 2185 1560 2228; x_wconf 90' lang='lat' dir='ltr'><strong>1n</strong></span> <span class='ocrx_word' id='word_1_129' title='bbox 1610 2159 1770 2228; x_wconf 82' lang='lat' dir='ltr'><strong>saxa</strong></span> <span class='ocrx_word' id='word_1_130' title='bbox 1807 2158 2036 2228; x_wconf 87' lang='lat' dir='ltr'><strong>forata</strong></span> <span class='ocrx_word' id='word_1_131' title='bbox 2067 2161 2734 2230; x_wconf 85' lang='lat' dir='ltr'><strong>accommodantur.</strong></span> <span class='ocrx_word' id='word_1_132' title='bbox 2786 2170 2974 2233; x_wconf 89' lang='lat' dir='ltr'><strong>Cum</strong></span> <span class='ocrx_word' id='word_1_133' title='bbox 3003 2181 3252 2233; x_wconf 87' lang='lat' dir='ltr'><strong>autem</strong></span> <span class='ocrx_word' id='word_1_134' title='bbox 3305 2139 3502 2233; x_wconf 82' lang='lat' dir='ltr'><strong>funis</strong></span> <span class='ocrx_word' id='word_1_135' title='bbox 3553 2165 3683 2231; x_wconf 89' lang='lat' dir='ltr'><strong>ha-</strong></span> 
     </span>
    </p>
   </div>
   <div class='ocr_carea' id='block_1_6' title="bbox 548 2269 3682 2550">
    <p class='ocr_par' dir='ltr' id='par_1_7' title="bbox 548 2269 3682 2550">
     <span class='ocr_line' id='line_1_14' title="bbox 548 2269 3676 2397; baseline 0.002 -24"><span class='ocrx_word' id='word_1_136' title='bbox 548 2302 680 2373; x_wconf 90' lang='lat' dir='ltr'><strong>bet</strong></span> <span class='ocrx_word' id='word_1_137' title='bbox 729 2322 948 2396; x_wconf 89' lang='lat' dir='ltr'><strong>caput</strong></span> <span class='ocrx_word' id='word_1_138' title='bbox 996 2306 1089 2373; x_wconf 87' lang='lat' dir='ltr'><strong>ad</strong></span> <span class='ocrx_word' id='word_1_139' title='bbox 1143 2305 1468 2374; x_wconf 85' lang='lat' dir='ltr'><strong>suculam</strong></span> <span class='ocrx_word' id='word_1_140' title='bbox 1518 2269 1936 2397; x_wconf 81' lang='lat' dir='ltr'><strong>religatum,</strong></span> <span class='ocrx_word' id='word_1_141' title='bbox 1989 2324 2063 2374; x_wconf 88' lang='lat' dir='ltr'><strong>et</strong></span> <span class='ocrx_word' id='word_1_142' title='bbox 2110 2323 2353 2375; x_wconf 86' lang='lat' dir='ltr'><strong>vectes</strong></span> <span class='ocrx_word' id='word_1_143' title='bbox 2395 2308 2744 2378; x_wconf 89' lang='lat' dir='ltr'><strong>ducentes</strong></span> <span class='ocrx_word' id='word_1_144' title='bbox 2795 2335 2955 2379; x_wconf 89' lang='lat' dir='ltr'><strong>eam</strong></span> <span class='ocrx_word' id='word_1_145' title='bbox 2996 2297 3308 2397; x_wconf 85' lang='lat' dir='ltr'><strong>versant,</strong></span> <span class='ocrx_word' id='word_1_146' title='bbox 3357 2311 3555 2380; x_wconf 87' lang='lat' dir='ltr'><strong>funis</strong></span> <span class='ocrx_word' id='word_1_147' title='bbox 3603 2309 3676 2380; x_wconf 88' lang='lat' dir='ltr'><strong>se</strong></span> 
     </span>
     <span class='ocr_line' id='line_1_15' title="bbox 548 2448 3682 2550; baseline 0.003 -35"><span class='ocrx_word' id='word_1_148' title='bbox 548 2448 1010 2550; x_wconf 70' lang='lat' dir='ltr'><strong>involvendo</strong></span> <span class='ocrx_word' id='word_1_149' title='bbox 1067 2452 1257 2519; x_wconf 88' lang='lat' dir='ltr'><strong>circa</strong></span> <span class='ocrx_word' id='word_1_150' title='bbox 1304 2450 1637 2520; x_wconf 83' lang='lat' dir='ltr'><strong>suculam</strong></span> <span class='ocrx_word' id='word_1_151' title='bbox 1687 2451 2141 2537; x_wconf 83' lang='lat' dir='ltr'><strong>extenditur,</strong></span> <span class='ocrx_word' id='word_1_152' title='bbox 2229 2470 2307 2522; x_wconf 87' lang='lat' dir='ltr'><strong>et</strong></span> <span class='ocrx_word' id='word_1_153' title='bbox 2363 2454 2470 2522; x_wconf 85' lang='lat' dir='ltr'><strong>ita</strong></span> <span class='ocrx_word' id='word_1_154' title='bbox 2521 2452 2786 2527; x_wconf 76' lang='lat' dir='ltr'><strong>suble-v</strong></span> <span class='ocrx_word' id='word_1_155' title='bbox 2787 2474 2862 2527; x_wconf 83' lang='lat' dir='ltr'><strong>at</strong></span> <span class='ocrx_word' id='word_1_156' title='bbox 2931 2479 3155 2530; x_wconf 78' lang='lat' dir='ltr'><strong>onera</strong></span> <span class='ocrx_word' id='word_1_157' title='bbox 3208 2455 3303 2530; x_wconf 81' lang='lat' dir='ltr'><strong>ad</strong></span> <span class='ocrx_word' id='word_1_158' title='bbox 3351 2454 3682 2529; x_wconf 81' lang='lat' dir='ltr'><strong>altitudi-</strong></span> 
     </span>
    </p>
   </div>
   <div class='ocr_carea' id='block_1_7' title="bbox 544 2597 1803 2694">
    <p class='ocr_par' dir='ltr' id='par_1_8' title="bbox 544 2597 1803 2694">
     <span class='ocr_line' id='line_1_16' title="bbox 544 2597 1803 2694; baseline 0.005 -29"><span class='ocrx_word' id='word_1_159' title='bbox 544 2603 721 2668; x_wconf 81' lang='lat' dir='ltr'><strong>nem</strong></span> <span class='ocrx_word' id='word_1_160' title='bbox 767 2611 844 2666; x_wconf 90' lang='lat' dir='ltr'><strong>et</strong></span> <span class='ocrx_word' id='word_1_161' title='bbox 894 2620 1210 2694; x_wconf 85' lang='lat' dir='ltr'><strong>operum</strong></span> <span class='ocrx_word' id='word_1_162' title='bbox 1259 2597 1803 2693; x_wconf 74' lang='lat' dir='ltr'><strong>collocationeS,</strong></span> 
     </span>
    </p>
   </div>
   <div class='ocr_carea' id='block_1_8' title="bbox 1783 2857 2432 2958">
    <p class='ocr_par' dir='ltr' id='par_1_9' title="bbox 1783 2857 2432 2958">
     <span class='ocr_line' id='line_1_17' title="bbox 1783 2857 2432 2958; baseline -0.003 -26"><span class='ocrx_word' id='word_1_163' title='bbox 1783 2857 2180 2932; x_wconf 81' lang='lat' dir='ltr'>CAPUT</span> <span class='ocrx_word' id='word_1_164' title='bbox 2274 2861 2432 2958; x_wconf 67' lang='lat' dir='ltr'><strong>nr</strong></span> 
     </span>
    </p>
   </div>
   <div class='ocr_carea' id='block_1_9' title="bbox 1543 3041 2668 3153">
    <p class='ocr_par' dir='ltr' id='par_1_10' title="bbox 1543 3041 2668 3153">
     <span class='ocr_line' id='line_1_18' title="bbox 1543 3041 2668 3153; baseline 0.003 -42"><span class='ocrx_word' id='word_1_165' title='bbox 1543 3044 1667 3111; x_wconf 82' lang='lat' dir='ltr'><strong>De</strong></span> <span class='ocrx_word' id='word_1_166' title='bbox 1711 3042 1864 3111; x_wconf 82' lang='lat' dir='ltr'><strong>alia</strong></span> <span class='ocrx_word' id='word_1_167' title='bbox 1910 3041 2248 3112; x_wconf 75' lang='lat' dir='ltr'><strong>nmchina</strong></span> <span class='ocrx_word' id='word_1_168' title='bbox 2295 3045 2668 3153; x_wconf 54' lang='lat' dir='ltr'><strong>cracgoricz.</strong></span> 
     </span>
    </p>
   </div>
   <div class='ocr_carea' id='block_1_10' title="bbox 530 3213 3744 4264">
    <p class='ocr_par' dir='ltr' id='par_1_11' title="bbox 530 3213 3676 3359">
     <span class='ocr_line' id='line_1_19' title="bbox 530 3213 3676 3359; baseline 0.001 -37"><span class='ocrx_word' id='word_1_169' title='bbox 530 3213 784 3325; x_wconf 84' lang='lat' dir='ltr'><strong>Haec</strong></span> <span class='ocrx_word' id='word_1_170' title='bbox 836 3268 1087 3322; x_wconf 89' lang='lat' dir='ltr'><strong>autem</strong></span> <span class='ocrx_word' id='word_1_171' title='bbox 1123 3253 1315 3322; x_wconf 86' lang='lat' dir='ltr'><strong>ratio</strong></span> <span class='ocrx_word' id='word_1_172' title='bbox 1355 3253 1942 3337; x_wconf 85' lang='lat' dir='ltr'><strong>machinationis,</strong></span> <span class='ocrx_word' id='word_1_173' title='bbox 1986 3253 2069 3359; x_wconf 4' lang='lat'><strong>³⁸),</strong></span> <span class='ocrx_word' id='word_1_174' title='bbox 2124 3255 2326 3347; x_wconf 88' lang='lat' dir='ltr'><strong>quod</strong></span> <span class='ocrx_word' id='word_1_175' title='bbox 2374 3280 2523 3350; x_wconf 87' lang='lat' dir='ltr'><strong>per</strong></span> <span class='ocrx_word' id='word_1_176' title='bbox 2571 3271 2720 3325; x_wconf 89' lang='lat' dir='ltr'><strong>tres</strong></span> <span class='ocrx_word' id='word_1_177' title='bbox 2784 3256 3156 3329; x_wconf 76' lang='lat' dir='ltr'><strong>orbiculos</strong></span> <span class='ocrx_word' id='word_1_178' title='bbox 3235 3248 3676 3328; x_wconf 84' lang='lat' dir='ltr'><strong>circumvol-</strong></span> 
     </span>
    </p>

    <p class='ocr_par' dir='ltr' id='par_1_12' title="bbox 533 3364 3744 4227">
     <span class='ocr_line' id='line_1_20' title="bbox 537 3364 3744 3491; baseline 0.001 -20"><span class='ocrx_word' id='word_1_179' title='bbox 537 3403 766 3486; x_wconf 83' lang='lat' dir='ltr'><strong>vitur,</strong></span> <span class='ocrx_word' id='word_1_180' title='bbox 809 3393 1169 3491; x_wconf 86' lang='lat' dir='ltr'><strong>trispastos</strong></span> <span class='ocrx_word' id='word_1_181' title='bbox 1222 3394 1343 3487; x_wconf 81' lang='lat'><strong>(5)</strong></span> <span class='ocrx_word' id='word_1_182' title='bbox 1392 3397 1833 3489; x_wconf 85' lang='lat' dir='ltr'><strong>appellatur.</strong></span> <span class='ocrx_word' id='word_1_183' title='bbox 1936 3400 2124 3463; x_wconf 89' lang='lat' dir='ltr'><strong>Cum</strong></span> <span class='ocrx_word' id='word_1_184' title='bbox 2174 3420 2354 3465; x_wconf 88' lang='lat' dir='ltr'><strong>vero</strong></span> <span class='ocrx_word' id='word_1_185' title='bbox 2400 3401 2483 3466; x_wconf 91' lang='lat' dir='ltr'><strong>in</strong></span> <span class='ocrx_word' id='word_1_186' title='bbox 2532 3402 2679 3468; x_wconf 89' lang='lat' dir='ltr'><strong>ima</strong></span> <span class='ocrx_word' id='word_1_187' title='bbox 2727 3394 3061 3472; x_wconf 85' lang='lat' dir='ltr'><strong>trochlea</strong></span> <span class='ocrx_word' id='word_1_188' title='bbox 3126 3402 3276 3473; x_wconf 90' lang='lat' dir='ltr'><strong>duo</strong></span> <span class='ocrx_word' id='word_1_189' title='bbox 3327 3401 3673 3489; x_wconf 87' lang='lat' dir='ltr'><strong>orbiculi,</strong></span> <span class='ocrx_word' id='word_1_190' title='bbox 3737 3364 3744 3367; x_wconf 96' lang='lat'>-</span> 
     </span>
     <span class='ocr_line' id='line_1_21' title="bbox 536 3518 3692 3657; baseline -0.011 -40"><span class='ocrx_word' id='word_1_191' title='bbox 536 3549 621 3617; x_wconf 93' lang='lat' dir='ltr'><strong>in</strong></span> <span class='ocrx_word' id='word_1_192' title='bbox 671 3544 1035 3639; x_wconf 83' lang='lat' dir='ltr'><strong>superiori</strong></span> <span class='ocrx_word' id='word_1_193' title='bbox 1083 3561 1234 3613; x_wconf 87' lang='lat' dir='ltr'><strong>tres</strong></span> <span class='ocrx_word' id='word_1_194' title='bbox 1284 3522 1688 3625; x_wconf 70' lang='lat' dir='ltr'><strong>versantur,</strong></span> <span class='ocrx_word' id='word_1_195' title='bbox 1739 3539 1818 3609; x_wconf 90' lang='lat' dir='ltr'><strong>id</strong></span> <span class='ocrx_word' id='word_1_196' title='bbox 1863 3518 2370 3657; x_wconf 76' lang='lat' dir='ltr'><strong>pentaspaston</strong></span> <span class='ocrx_word' id='word_1_197' title='bbox 2421 3541 2517 3631; x_wconf 78' lang='lat'><strong>(4)</strong></span> <span class='ocrx_word' id='word_1_198' title='bbox 2575 3523 2867 3612; x_wconf 74' lang='lat' dir='ltr'><strong>dicitur.</strong></span> <span class='ocrx_word' id='word_1_199' title='bbox 2972 3547 3100 3616; x_wconf 90' lang='lat' dir='ltr'><strong>Sin</strong></span> <span class='ocrx_word' id='word_1_200' title='bbox 3151 3560 3400 3614; x_wconf 84' lang='lat' dir='ltr'><strong>autem</strong></span> <span class='ocrx_word' id='word_1_201' title='bbox 3437 3544 3692 3638; x_wconf 55' lang='lat' dir='ltr'><strong>maim.</strong></span> 
     </span>
     <span class='ocr_line' id='line_1_22' title="bbox 533 3676 3669 3786; baseline -0.004 -24"><span class='ocrx_word' id='word_1_202' title='bbox 533 3684 743 3764; x_wconf 83' lang='lat' dir='ltr'><strong>ribus</strong></span> <span class='ocrx_word' id='word_1_203' title='bbox 796 3689 1152 3777; x_wconf 77' lang='lat' dir='ltr'><strong>oneribus</strong></span> <span class='ocrx_word' id='word_1_204' title='bbox 1198 3706 1418 3765; x_wconf 65' lang='lat' dir='ltr'><strong>erum</strong></span> <span class='ocrx_word' id='word_1_205' title='bbox 1460 3687 1847 3756; x_wconf 86' lang='lat' dir='ltr'><strong>machinae</strong></span> <span class='ocrx_word' id='word_1_206' title='bbox 1896 3680 2449 3781; x_wconf 81' lang='lat' dir='ltr'><strong>comparandae,</strong></span> <span class='ocrx_word' id='word_1_207' title='bbox 2545 3691 3032 3783; x_wconf 89' lang='lat' dir='ltr'><strong>amplioribus</strong></span> <span class='ocrx_word' id='word_1_208' title='bbox 3074 3676 3457 3786; x_wconf 79' lang='lat' dir='ltr'><strong>tignorum&#39;</strong></span> <span class='ocrx_word' id='word_1_209' title='bbox 3505 3691 3669 3760; x_wconf 88' lang='lat' dir='ltr'><strong>Ion-</strong></span> 
     </span>
     <span class='ocr_line' id='line_1_23' title="bbox 536 3804 3671 3934; baseline 0 -28"><span class='ocrx_word' id='word_1_210' title='bbox 536 3835 1008 3934; x_wconf 85' lang='lat' dir='ltr'><strong>gitudinibus</strong></span> <span class='ocrx_word' id='word_1_211' title='bbox 1059 3853 1135 3904; x_wconf 87' lang='lat' dir='ltr'><strong>et</strong></span> <span class='ocrx_word' id='word_1_212' title='bbox 1182 3820 1769 3905; x_wconf 72' lang='lat' dir='ltr'><strong>craffitudjriibus</strong></span> <span class='ocrx_word' id='word_1_213' title='bbox 1823 3834 1968 3902; x_wconf 85' lang='lat' dir='ltr'><strong>erit</strong></span> <span class='ocrx_word' id='word_1_214' title='bbox 2023 3833 2423 3904; x_wconf 86' lang='lat' dir='ltr'><strong>utendum:</strong></span> <span class='ocrx_word' id='word_1_215' title='bbox 2489 3814 2580 3906; x_wconf 61' lang='lat' dir='ltr'><strong>ret</strong></span> <span class='ocrx_word' id='word_1_216' title='bbox 2615 3804 2871 3906; x_wconf 84' lang='lat' dir='ltr'><strong>eadem</strong></span> <span class='ocrx_word' id='word_1_217' title='bbox 2918 3837 3206 3907; x_wconf 85' lang='lat' dir='ltr'><strong>ratione</strong></span> <span class='ocrx_word' id='word_1_218' title='bbox 3248 3837 3329 3906; x_wconf 92' lang='lat' dir='ltr'><strong>in</strong></span> <span class='ocrx_word' id='word_1_219' title='bbox 3378 3827 3671 3907; x_wconf 80' lang='lat' dir='ltr'><strong>summo</strong></span> 
     </span>
     <span class='ocr_line' id='line_1_24' title="bbox 533 3974 3718 4079; baseline -0.001 -22"><span class='ocrx_word' id='word_1_220' title='bbox 533 3980 1124 4065; x_wconf 77' lang='lat' dir='ltr'><strong>fibulationibuS,</strong></span> <span class='ocrx_word' id='word_1_221' title='bbox 1173 3981 1254 4051; x_wconf 85' lang='lat' dir='ltr'><strong>in</strong></span> <span class='ocrx_word' id='word_1_222' title='bbox 1296 3981 1450 4050; x_wconf 89' lang='lat' dir='ltr'><strong>imo</strong></span> <span class='ocrx_word' id='word_1_223' title='bbox 1497 3978 1920 4050; x_wconf 88' lang='lat' dir='ltr'><strong>sucularum</strong></span> <span class='ocrx_word' id='word_1_224' title='bbox 1974 3977 2510 4053; x_wconf 87' lang='lat' dir='ltr'><strong>versationibus</strong></span> <span class='ocrx_word' id='word_1_225' title='bbox 2537 3974 3143 4078; x_wconf 48' lang='lat' dir='ltr'><strong>&#39;expediundum.</strong></span> <span class='ocrx_word' id='word_1_226' title='bbox 3245 3983 3386 4054; x_wconf 84' lang='lat' dir='ltr'><strong>His</strong></span> <span class='ocrx_word' id='word_1_227' title='bbox 3430 3985 3680 4079; x_wconf 63' lang='lat' dir='ltr'><strong>expli·</strong></span> <span class='ocrx_word' id='word_1_228' title='bbox 3717 3990 3718 3993; x_wconf 73' lang='grc'>’</span> 
     </span>
     <span class='ocr_line' id='line_1_25' title="bbox 534 4086 3665 4227; baseline -0.001 -24"><span class='ocrx_word' id='word_1_229' title='bbox 534 4132 731 4216; x_wconf 90' lang='lat' dir='ltr'><strong>catis,</strong></span> <span class='ocrx_word' id='word_1_230' title='bbox 780 4128 1047 4200; x_wconf 86' lang='lat' dir='ltr'><strong>antarii</strong></span> <span class='ocrx_word' id='word_1_231' title='bbox 1096 4098 1505 4219; x_wconf 52' lang='lat' dir='ltr'><strong>funes&#39;ffl‘)</strong></span> <span class='ocrx_word' id='word_1_232' title='bbox 1556 4145 1725 4198; x_wconf 85' lang='lat' dir='ltr'><strong>ante</strong></span> <span class='ocrx_word' id='word_1_233' title='bbox 1774 4127 1929 4197; x_wconf 83' lang='lat' dir='ltr'><strong>laxi</strong></span> <span class='ocrx_word' id='word_1_234' title='bbox 1978 4128 2463 4216; x_wconf 87' lang='lat' dir='ltr'><strong>collocentur,</strong></span> <span class='ocrx_word' id='word_1_235' title='bbox 2519 4112 2928 4200; x_wconf 79' lang='lat' dir='ltr'><strong>retinacula</strong></span> <span class='ocrx_word' id='word_1_236' title='bbox 2962 4127 3124 4220; x_wconf 86' lang='lat' dir='ltr'><strong>(M)</strong></span> <span class='ocrx_word' id='word_1_237' title='bbox 3168 4086 3665 4227; x_wconf 26' lang='lat' dir='ltr'><strong>supragscapu-</strong></span> 
     </span>
    </p>

    <p class='ocr_par' dir='ltr' id='par_1_13' title="bbox 1044 4235 3120 4264">
     <span class='ocr_line' id='line_1_26' title="bbox 1044 4235 3120 4264; baseline -0.003 -16"><span class='ocrx_word' id='word_1_238' title='bbox 1044 4235 1094 4264; x_wconf 46' lang='lat'><strong>⁴,</strong></span> <span class='ocrx_word' id='word_1_239' title='bbox 3113 4235 3120 4241; x_wconf 86' lang='lat'><strong>.</strong></span> 
     </span>
    </p>
   </div>
   <div class='ocr_carea' id='block_1_11' title="bbox 532 4254 3666 4372">
    <p class='ocr_par' dir='ltr' id='par_1_14' title="bbox 532 4254 3666 4372">
     <span class='ocr_line' id='line_1_27' title="bbox 532 4254 3666 4372; baseline -0.001 -23"><span class='ocrx_word' id='word_1_240' title='bbox 532 4280 639 4349; x_wconf 87' lang='lat' dir='ltr'><strong>Ias</strong></span> <span class='ocrx_word' id='word_1_241' title='bbox 689 4278 1071 4350; x_wconf 85' lang='lat' dir='ltr'><strong>machinae</strong></span> <span class='ocrx_word' id='word_1_242' title='bbox 1118 4276 1341 4370; x_wconf 83' lang='lat' dir='ltr'><strong>longe</strong></span> <span class='ocrx_word' id='word_1_243' title='bbox 1387 4271 1903 4367; x_wconf 86' lang='lat' dir='ltr'><strong>disponantur:</strong></span> <span class='ocrx_word' id='word_1_244' title='bbox 1962 4254 2036 4344; x_wconf 85' lang='lat' dir='ltr'><strong>et</strong></span> <span class='ocrx_word' id='word_1_245' title='bbox 2060 4271 2136 4345; x_wconf 77' lang='lat' dir='ltr'><strong>&#39;fi</strong></span> <span class='ocrx_word' id='word_1_246' title='bbox 2185 4278 2527 4353; x_wconf 39' lang='lat' dir='ltr'><strong>nonfer&#39;it</strong></span> <span class='ocrx_word' id='word_1_247' title='bbox 2571 4277 2707 4359; x_wconf 85' lang='lat' dir='ltr'><strong>ubi</strong></span> <span class='ocrx_word' id='word_1_248' title='bbox 2751 4260 3189 4372; x_wconf 74' lang='lat' dir='ltr'><strong>religentur,</strong></span> <span class='ocrx_word' id='word_1_249' title='bbox 3255 4278 3407 4372; x_wconf 88' lang='lat' dir='ltr'><strong>pali</strong></span> <span class='ocrx_word' id='word_1_250' title='bbox 3462 4277 3666 4347; x_wconf 86' lang='lat' dir='ltr'><strong>resu-</strong></span> 
     </span>
    </p>
   </div>
   <div class='ocr_carea' id='block_1_12' title="bbox 529 4415 3662 4520">
    <p class='ocr_par' dir='ltr' id='par_1_15' title="bbox 529 4415 3662 4520">
     <span class='ocr_line' id='line_1_28' title="bbox 529 4415 3662 4520; baseline 0 -27"><span class='ocrx_word' id='word_1_251' title='bbox 529 4424 780 4519; x_wconf 73' lang='lat' dir='ltr'><strong>pinati</strong></span> <span class='ocrx_word' id='word_1_252' title='bbox 829 4423 978 4513; x_wconf 81' lang='lat' dir='ltr'><strong>(N)</strong></span> <span class='ocrx_word' id='word_1_253' title='bbox 1022 4422 1517 4509; x_wconf 85' lang='lat' dir='ltr'><strong>defodiantur,</strong></span> <span class='ocrx_word' id='word_1_254' title='bbox 1567 4437 1642 4492; x_wconf 88' lang='lat' dir='ltr'><strong>et</strong></span> <span class='ocrx_word' id='word_1_255' title='bbox 1687 4421 1966 4493; x_wconf 88' lang='lat' dir='ltr'><strong>circum</strong></span> <span class='ocrx_word' id='word_1_256' title='bbox 2004 4415 2464 4493; x_wconf 86' lang='lat' dir='ltr'><strong>fistucatione</strong></span> <span class='ocrx_word' id='word_1_257' title='bbox 2510 4422 2941 4510; x_wconf 89' lang='lat' dir='ltr'><strong>solidentur,</strong></span> <span class='ocrx_word' id='word_1_258' title='bbox 3040 4447 3189 4520; x_wconf 86' lang='lat' dir='ltr'><strong>quo</strong></span> <span class='ocrx_word' id='word_1_259' title='bbox 3237 4422 3447 4495; x_wconf 85' lang='lat' dir='ltr'><strong>funes</strong></span> <span class='ocrx_word' id='word_1_260' title='bbox 3496 4426 3662 4493; x_wconf 86' lang='lat' dir='ltr'><strong>alli-</strong></span> 
     </span>
    </p>
   </div>
   <div class='ocr_carea' id='block_1_13' title="bbox 667 4646 2575 4755">
    <p class='ocr_par' dir='ltr' id='par_1_16' title="bbox 667 4646 2575 4755">
     <span class='ocr_line' id='line_1_29' title="bbox 667 4646 2575 4755; baseline -0.005 -14"><span class='ocrx_word' id='word_1_261' title='bbox 667 4682 731 4755; x_wconf 72' lang='lat'><strong>5)</strong></span> <span class='ocrx_word' id='word_1_262' title='bbox 797 4678 893 4737; x_wconf 73' lang='lat' dir='ltr'><strong>sie</strong></span> <span class='ocrx_word' id='word_1_263' title='bbox 926 4698 1059 4739; x_wconf 82' lang='lat' dir='ltr'><strong>cum</strong></span> <span class='ocrx_word' id='word_1_264' title='bbox 1088 4646 1433 4753; x_wconf 63' lang='lat' dir='ltr'><strong>minanam,</strong></span> <span class='ocrx_word' id='word_1_265' title='bbox 1467 4694 1577 4751; x_wconf 85' lang='lat' dir='ltr'><strong>pro</strong></span> <span class='ocrx_word' id='word_1_266' title='bbox 1601 4674 1863 4750; x_wconf 80' lang='lat' dir='ltr'><strong>forfices.</strong></span> <span class='ocrx_word' id='word_1_267' title='bbox 2163 4683 2219 4744; x_wconf 71' lang='lat'><strong>⁹)</strong></span> <span class='ocrx_word' id='word_1_268' title='bbox 2285 4679 2492 4733; x_wconf 69' lang='lat' dir='ltr'><strong>Forma</strong></span> <span class='ocrx_word' id='word_1_269' title='bbox 2526 4680 2575 4732; x_wconf 76' lang='grc' dir='ltr'><strong>Ι.</strong></span> 
     </span>
    </p>
   </div>
  </div>
 </body>
</html>
