4697 5919
1131 280 1268 404 ..34
1633 315 1750 384 M.
1811 309 2509 381 vrrimvur.
2581 308 2730 378 DE
2799 309 3727 385 ARCHITECTURA

1123 550 1405 620 electus
1455 543 1703 629 fuerit,
1769 544 1901 640 ubi
1957 544 2027 623 2>
2085 538 2540 643 impediatur
2590 539 3023 613 resonantia.
3140 551 3312 615 Vox
3366 563 3618 618 autem
3667 542 3768 618 est
3824 546 3890 638 3)
3954 547 4254 646 spiritus

1124 695 1390 782 fluens,
1435 709 1514 764 et
1567 692 1752 761 aeris
1802 690 1961 759 ictu
2005 690 2077 772 ⁴)
2120 683 2477 760 senfibilis
2529 664 2839 762 audititi.
2951 698 3061 764 Ea
3104 686 3455 763 movetur
3504 694 3959 765 circulorum
3995 712 4252 765 rotun-

1122 840 1553 912 dationibus
1600 833 1951 909 infinitis:
2001 814 2121 907 uti
2157 831 2216 907 fi
2250 837 2336 907 in
2375 830 2688 907 stantem
2728 844 2998 931 aquam
3043 837 3292 931 lapide
3340 834 3662 911 immiss'o
3710 841 4096 912 nascantur
4142 842 4254 910 in·

1122 985 1620 1060 numerabiles
1666 981 2044 1055 undarum
2088 983 2350 1063 circuli
2399 981 2794 1054 crescentes
2845 1006 2886 1052 a
2933 1001 3212 1069 centr0,
3279 1003 3357 1055 et
3387 1011 3644 1081 „quam
3699 983 4038 1060 latiffime
4095 983 4254 1079 pos·

1121 1134 1264 1207 fint
1304 1147 1667 1228 vaganteS,
1712 1129 1849 1202 nisi
1898 1126 2224 1226 angustia
2270 1129 2422 1199 loci
2474 1130 3085 1225 interpellaverit,
3149 1149 3277 1201 aut
3328 1133 3578 1227 aliqua
3625 1128 3951 1221 offenfi0,
4065 1155 4257 1227 quae

1123 1308 1278 1354 non
1316 1283 1599 1377 patitur
1644 1274 2175 1373 designationes
2238 1298 2499 1347 earum
2541 1274 2928 1348 ‘undarum
2979 1276 3076 1348 ad.
3127 1262 3370 1349 exitus
3434 1280 3853 1373 pervenire.
3925 1322 3942 1343 .-
3991 1285 4259 1372 Itaque

1126 1453 1299 1505 cum
1355 1423 1936 1518 interpellentur
1985 1415 2530 1507 offensionibus,
2615 1423 2897 1517 primae
2938 1406 3432 1497 redundantes
3495 1424 4050 1521 insequentium
4119 1421 4260 1495 dis-

1123 1575 1433 1645 turbant
1488 1566 2036 1685 defignationes.
2145 1566 2427 1642 Eadem
2472 1570 2965 1678 ratione—vox
3012 1572 3118 1641 ita
3163 1570 3258 1644 ad
3297 1568 3664 1645 circinum
3716 1566 3939 1643 efficit
3981 1572 4258 1643 motio-

1123 1700 1295 1790 nes.
1370 1713 1516 1788 Sed
1560 1713 1642 1782 in
1681 1736 1869 1809 aqua
1908 1714 2175 1785 circuli
2219 1738 2453 1811 aequa
2500 1716 2813 1810 planitie
2868 1719 2950 1787 in
2987 1704 3471 1789 latitudinem
3508 1735 3950 1811 moventur3
3988 1740 4143 1788 vox
4177 1735 4259 1789 et

1125 1865 1209 1949 in
1255 1858 1734 1933 latitudinem
1781 1860 2277 1959 progreditur,
2358 1881 2438 1933 et
2485 1862 2963 1934 altitudinem
3025 1863 3394 1959 gradatim
3445 1861 3747 1934 scandit.
3863 1864 4131 1960 Igitur
4169 1881 4261 1934 ut

1124 2012 1206 2082 in
1250 2030 1438 2104 aqua
1464 2006 1839 2081 undarum
1875 2002 2532 2103 designationibus,
2620 2009 2724 2078 ita
2745 2010 2848 2090 jn
2890 2031 3072 2079 voce
3121 2033 3296 2080 cum
3340 2002 3646 2083 offensio
3687 2008 3901 2081 nulla
3937 2008 4263 2106 primam

1128 2154 1406 2227 undam
1445 2154 1519 2238 ⁵)
1585 2151 2199 2247 interpellaverit,
2263 2174 2422 2225 non
2465 2146 2826 2225 disturbat
2889 2150 3303 2241 secundam,
3389 2179 3532 2229 nec
3589 2154 4092 2248 insequentes,
4133 2154 4262 2225 sed

1129 2326 1382 2375 omnes
1427 2295 1578 2369 line
1620 2296 2035 2369 resonantia
2076 2295 2532 2390 perveniunt
2585 2294 2679 2364 ad
2723 2296 3053 2364 imorum
3097 2311 3175 2363 et
3216 2293 3681 2388 summorum
3737 2318 3969 2368 aures.
4058 2302 4261 2393 Ergo

1132 2414 1417 2521 veteres
1462 2441 1869 2526 architecti,
1915 2454 2220 2512 naturae
2268 2434 2571 2533 vestigia
2618 2436 2982 2535 persecuti
3015 2418 3619 2533 indagationibus
3636 2442 3860 2527 vociS,
3908 2437 4263 2513 scanden-

1130 2612 1241 2663 tes
1293 2592 1757 2661 theatrorum
1805 2585 2277 2680 perfecerunt
2335 2581 2820 2678 gradationes,
2913 2598 3008 2669 et·
3055 2577 3574 2676 quaesiverunt
3626 2555 3761 2681 per
3836 2588 4265 2660 canonicam

1132 2735 1828 2809 mathematicorum
1873 2748 1951 2801 et
1995 2724 2342 2801 musicam
2380 2729 2768 2812 rationem,
2794 2742 2901 2824 ,ut
2950 2749 3435 2824 quaecunque
3482 2750 3636 2798 vox
3683 2725 3861 2801 ess'et
3898 2732 3982 2811 in
4030 2732 4265 2819 scena,

1133 2882 1403 2953 clarior
1447 2897 1526 2949 et
1577 2875 1870 2949 suavior
1910 2873 2004 2945 ad
2051 2872 2548 2969 spectatorum
2594 2871 3023 2967 perveniret
3076 2876 3306 2938 auree.
3420 2874 3556 2943 Uti
3605 2874 3811 2945 enim
3856 2897 4128 2972 organa
4179 2874 4302 2950 in'

1112 3029 1378 3100 'aeneis
1416 3024 1712 3098 laminis
1765 3038 1897 3091 aut
1934 3019 2241 3105 corneis,
2283 3013 2482 3103 diesi,
2529 3016 2622 3088 ad
2670 3015 3120 3088 chordarum
3163 3012 3543 3090 sonituum
3584 3007 3998 3094 claritatem
4045 3020 4265 3119 perfi-

1136 3175 1476 3245 ciunture
1571 3167 1668 3242 fic
1715 3169 2188 3257 theatrorum
2234 3186 2369 3257 per
2409 3161 2907 3235 harmonicen
2969 3157 3066 3234 ad
3106 3161 3516 3260 augendam
3561 3190 3828 3241 vocem
3875 3172 4264 3245 ratiocina-

1138 3319 1373 3385 tiones
1429 3314 1522 3382 ab
1566 3310 1889 3406 antiquis
1938 3305 2105 3378 sunt
2152 3301 2609 3406 constitutae.

1273 3814 1335 3874 2)
1404 3805 1689 3862 Codsnis.
1723 3800 1829 3855 Ed.
1868 3801 2031 3877 Sulp.
2066 3817 2124 3859 et
2157 3802 2430 3882 vulgatae
2469 3802 2704 3883 legunt:
2755 3824 2865 3863 non
2901 3809 3263 3882 impediatur.
3303 3809 3456 3868 mihi
3494 3827 3637 3868 vero
3663 3813 3897 3892 negatio
3932 3836 4265 3898 expungen-

1428 3905 1499 3958 da
1550 3903 1670 3957 visa
1705 3903 1801 3958 est.
1882 3953 1887 3958 .

1271 4061 1332 4123 5)
1404 4052 1548 4108 Cod.
1585 4072 1689 4108 ms.
1726 4069 1806 4107 ut.

3589 4139 3622 4150 ι.

1277 4208 1338 4276 4)
1412 4202 1557 4257 cod.
1591 4223 1694 4257 ms.
1730 4219 1876 4257 actu.

1284 4359 1347 4424 59
1422 4352 1516 4405 Sic
1553 4353 1697 4408 Cod.
1721 4311 1836 4408 unis.
1874 4369 1930 4408 et
1967 4352 2075 4406 Ed.
2116 4352 2278 4430 Sulp.
