4697 5919
1348 383 1700 454 ιιΒΕιι
1764 385 2053 456 νιιι..
2130 385 2513 454 CAPUT
2572 390 2766 457 vn.
3483 415 3619 479 299

496 619 686 690 sunu
714 611 1161 689 collocanda.
1277 621 1473 685 Item
1523 627 1695 686 cum
1744 617 1990 707 primo
2035 640 2220 709 aqua
2270 642 2309 722 a
2358 621 2592 712 capite
2643 619 3078 688 immittitur
3126 632 3316 689 ante·
3363 620 3617 700 favilla

488 765 979 845 immittetur,
1026 764 1140 831 uti
1191 771 1621 855 coagmenta
1658 756 1726 829 fi
1780 785 1927 853 qua
1964 761 2134 830 sunt
2182 786 2336 832 non
2398 763 2562 833 fatis
2623 765 2877 849 oblita,
2986 764 3238 836 favilla
3279 766 3617 836 oblinan-

494 925 645 977 tur.
748 910 1055 977 Habent
1097 925 1347 976 autem
1396 906 1847 976 tubulorum
1888 907 2267 978 ductiones
2318 933 2402 978 ea
2455 910 2872 979 commoda:
2916 909 3251 979 Primum
3284 913 3363 980 in
3394 937 3619 1004 opere
3707 969 3716 974 -

501 1050 759 1145 quodfi
807 1052 1010 1146 quod
1048 1053 1326 1121 vitium
1374 1050 1650 1120 factum
1699 1051 1947 1137 fuerit,
2041 1053 2361 1144 quilibet
2406 1053 2486 1123 id
2532 1048 2769 1147 potest
2804 1051 3150 1126 reficere.
3225 1058 3619 1150 etiamque

497 1200 742 1269 multo
794 1196 1159 1267 salubrior
1202 1192 1303 1266 est
1355 1221 1450 1265 ex
1497 1198 1785 1268 tubulis
1832 1221 2021 1291 aqua
2066 1221 2290 1291 quam
2333 1224 2470 1293 per
2517 1195 2835 1292 fistulas;
2930 1200 3132 1292 quod
3183 1225 3318 1293 per
3379 1203 3622 1294 plum-

498 1313 684 1416 bum
727 1343 1027 1413 videtur
1072 1336 1214 1411 effe
1255 1341 1425 1411 ideo
1474 1342 1755 1429 vitiosa,
1857 1343 2060 1436 quod
2112 1369 2208 1412 ex
2245 1370 2336 1415 eo
2385 1340 2659 1414 ceruss'a
2713 1344 3049 1430 nascitur,
3142 1346 3324 1417 haec
3373 1365 3621 1416 autem

498 1489 773 1559 dicitur
826 1482 966 1557 effe
1009 1511 1283 1557 nocens
1329 1489 1765 1583 corporibus
1814 1488 2194 1582 humanis;
2280 1491 2384 1559 ita
2429 1486 2485 1558 fi
2534 1491 2737 1584 quod
2783 1514 2879 1559 ex
2930 1516 3018 1560 eo
3060 1510 3496 1583 procreatur
3543 1491 3620 1560 id

502 1630 605 1705 ste
656 1631 1031 1718 vitiosum,
1079 1658 1233 1704 non
1282 1632 1382 1705 est
1426 1634 1744 1705 dubium
1790 1636 1973 1729 quin
2019 1633 2263 1728 ipsum
2303 1657 2603 1729 quoque
2651 1659 2805 1704 non
2853 1632 2943 1705 fit
2987 1635 3281 1706 salubre
3319 1638 3412 1727 ²).
3447 1645 3623 1736 „Ex-

448 1791 451 1794 ’
499 1782 784 1874 emplar
823 1797 1077 1849 autem
1118 1781 1213 1854 ab
1271 1777 1681 1851 artificibus
1732 1781 2170 1873 plumbariis
2221 1775 2596 1872 poffumus
2659 1780 3009 1874 accipere,
3130 1780 3335 1872 quod
3388 1781 3622 1873 pallo·
3651 1844 3670 1858 ,

454 1953 469 1969 ‘
498 1928 708 1995 ribus
762 1942 1152 2015 occupatos
1199 1924 1479 1993 habent
1528 1926 1855 2015 corporis
1902 1924 2237 2012 colores3
2328 1948 2650 2014 namque
2715 1949 2886 1993 cum
2941 1924 3321 1994 fundendo
3380 1924 3625 2015 plum-

494 2033 689 2139 -bmn
734 2067 978 2153 fiatur,
1030 2089 1261 2156 vapor
1303 2091 1399 2131 ex
1449 2092 1538 2133 eo
1582 2064 1897 2132 infide-ns
1945 2033 2289 2152 corporisae
2321 2083 2548 2145 artu5‚
2608 2079 2686 2130 et'
2730 2068 2810 2131 in
2858 2066 3011 2134 dies
3071 2081 3444 2151 exurens‚'
3485 2067 3623 2134 eri·

500 2216 614 2306 pit
663 2236 759 2280 ex
807 2211 1161 2279 membris
1214 2199 1475 2278 eorum
1521 2206 1887 2300 sanguinis
1937 2206 2280 2273 virtutes·
2391 2212 2652 2299 Itaque
2698 2207 3008 2276 minime
3057 2204 3319 2277 fistulis
3379 2209 3623 2301 plum·

497 2357 657 2426 beis
706 2378 890 2446 aqua
933 2353 1106 2421 duci
1143 2352 1465 2435 videtur,
1513 2346 1960 2418 fi‘volumus
2014 2371 2176 2416 eam
2223 2348 2503 2417 habere
2544 2349 2952 2419 salubrem:
3041 2317 3377 2445 saporem
3441 2376 3621 2445 quo-

500 2525 647 2598 que
696 2503 1090 2570 meliorem
1136 2522 1231 2566 ex
1277 2496 1564 2566 tubulis
1632 2488 1794 2576 effe,
1849 2493 2325 2585 quotidianus
2371 2488 2608 2587 potest
2671 2494 3004 2564 indicare
3058 2499 3317 2583 victus,
3419 2496 3622 2589 quod
3647 2583 3670 2589 Ὠ

501 2671 752 2719 omnes
800 2641 1181 2715 extructas.
1216 2637 1762 2711 cum‘habeant
1804 2637 2147 2708 vasorum
2188 2615 2713 2733 artgenteorum
2757 2640 3057 2727 mensas,
3103 2659 3354 2712 tamen
3400 2666 3623 2735 prop-

500 2791 620 2864 ter
668 2769 940 2883 saporis
989 2788 1497 2880 integritatem
1544 2781 1902 2852 fictilibus
1953 2801 2291 2851 utuntur.
2445 2784 2572 2852 Sin
2621 2801 2870 2852 autem
2932 2784 3171 2854 fontes
3217 2747 3376 2878 non
3428 2785 3613 2870 funt,

499 2938 711 3010 unde·
750 2935 1132 3005 ductiones
1185 2945 1544 3023 aquarum
1589 2927 1959 3012 faciamus,
2007 2923 2284 2996 neceffe
2329 2924 2430 2998 est
2481 2946 2743 3022 puteos
2790 2929 3065 3000 fodere.
3216 2939 3304 3003 In
3349 2950 3626 3031 ⁸puteo-

500 3110 672 3156 rum
722 3076 974 3150 autem
1024 3073 1455 3146 foffionibus
1494 3098 1647 3142 non
1698 3068 1801 3161 est
1851 3074 2394 3151 contemnenda
2433 3076 2647 3159 ratio,
2700 3073 2852 3143 *sed
2891 3075 3356 3144 acuminibus,
3403 3075 3625 3144 soler-

501 3222 752 3323 tiaque
796 3240 1061 3318 'magna
1109 3223 1479 3290 naturales
1528 3220 1785 3288 rerum
1826 3220 2150 3287 rationes
2203 3214 2783 3303 considerandae,
2859 3219 3063 3311 quod
3110 3220 3336 3288 habet
3385 3218 3624 3289 multa

503 3338 859 3465 variacsue
899 3368 1100 3435 terra
1148 3367 1228 3432 in
1278 3363 1348 3431 se
1398 3386 1686 3455 genera.
1790 3357 1910 3430 Est
1960 3362 2164 3430 enim
2208 3364 2326 3427 uti
2372 3363 2705 3452 reliquae
2733 3387 2865 3432 ‘res
2913 3387 3008 3431 ex
3060 3381 3377 3462 quatuor
3426 3364 3627 3455 prin·

505 3521 716 3616 cipiis
766 3505 1183 3605 compofita‚
1232 3525 1306 3577 et
1354 3508 1686 3601 primum
1734 3500 1835 3607 est
1885 3502 2033 3623 iplffa
2081 3519 2399 3584 terrena,
2446 3502 2822 3594 habetque
2868 3491 2963 3569 ex
3013 3506 3330 3574 humore
3397 3528 3625 3597 aquae

507 3668 783 3738 fontes.
835 3667 1028 3730 Item
1074 3655 1349 3724 calores
1401 3649 1601 3720 unde
1646 3651 1867 3718 etiam
1916 3645 2252 3740 sulphur,
2296 3647 2625 3732 alumen,
2688 3646 3027 3716 bitumen
3086 3647 3447 3717 nascitur.
3516 3672 3626 3716 ae-

508 3812 756 3901 risque
809 3804 1100 3896 spiritus
1150 3803 1531 3883 immanes,
1622 3797 1753 3889 qui
1805 3819 1980 3864 cum
2038 3816 2289 3887 graves
2355 3815 2491 3884 per
2552 3793 2965 3863 intervenia
3021 3788 3342 3863 fistulosa
3389 3811 3627 3862 terrae

510 3952 962 4051 perveniunt
1001 3947 1091 4016 ad
1151 3940 1528 4013 foffionem
1585 3958 2006 4035 puteorum,
2071 3956 2146 4007 et
2210 3937 2319 4005 ibi
2384 3924 2723 4007 homines
2788 3910 3180 4007 offendunt
3243 3922 3627 4025 fodientes,

512 4097 833 4175 naturali
868 4114 1136 4186 vapore
1187 4092 1543 4160 obturant
1592 4088 1671 4155 in
1724 4098 1983 4155 eorum
2019 4084 2319 4154 naribus
2370 4082 2666 4176 spiritus
2717 4080 3106 4175 animales3
3146 4087 3246 4153 ita
3297 4088 3429 4179 qui
3473 4110 3625 4154 non

514 4247 828 4320 celerius
878 4238 1052 4309 inde
1105 4230 1495 4330 effugiunt,
1545 4235 1652 4304 ibi
1699 4234 2259 4306 interimuntur.
2376 4235 2547 4300 Hoc
2600 4247 2850 4299 autem
2900 4231 3167 4324 quibus
3217 4204 3628 4302 rationibus

518 4408 879 4474 caveatur,
925 4381 1022 4454 fic
1074 4382 1218 4453 erit
1258 4380 1700 4452 faciendum.
1841 4386 2183 4449 Lucerna
2208 4373 2520 4446 'accensa
2570 4374 3026 4483 denuttatur,
3124 4402 3309 4473 quae
3359 4374 3413 4446 fi
3463 4400 3628 4469 per-

1656 4530 1685 4541 ι

652 4698 720 4771 ει)
781 4692 878 4753 Sic
911 4689 1056 4747 Coi.
1098 4699 1206 4747 mn·-
1242 4702 1301 4744 et
1332 4687 1402 4742 Ε.
1429 4688 1483 4744 S.
1553 4679 1755 4758 Vulgo
1789 4678 2080 4758 insalubre.
