4697 5919
1420 314 1778 382 LIBER
1816 316 2055 381 v111.
2160 314 2534 381 CAPUT
2588 295 2762 382 11'1.
3515 326 3653 397 κερ

514 521 978 610 crearentur.
1079 545 1234 612 Has
1286 557 1538 611 autem
1585 544 1975 610 varietates
2038 540 2467 635 regionibus
2537 559 2612 610 et
2668 542 2880 626 lociS,
2946 542 3329 615 inclinatio
3391 543 3655 614 mundi

463 695 603 754 get
658 685 827 755 solis
889 689 1213 783 impetus
1280 688 1585 781 propius
1635 704 1761 755 aut
1809 687 2103 780 longius
2154 685 2450 757 cursum
2509 687 2846 758 faciendo
2902 689 3082 756 tales
3146 685 3363 760 efficit
3409 675 3664 761 terrae·

528 833 918 902 humores:
969 857 1159 928 quae
1209 833 1597 927 qualitates
1638 856 1793 902 non
1845 831 2088 903 solum
2126 834 2204 902 in
2254 833 2369 902 his
2408 833 2650 918 rebus,
2694 833 2818 903 sed
2867 837 3090 904 etiam
3134 837 3213 904 in
3261 838 3653 932 pecoribus

436 1049 441 1054 ,
532 995 606 1046 et
648 981 995 1050 armentis
1043 978 1584 1051 discernuntur.
1686 985 1893 1052 Haec
1932 1002 2085 1049 non
2135 978 2239 1048 ita
2283 974 2726 1049 diffintiliter
2775 976 3260 1068 efficerentur,
3309 979 3442 1052 nifi
3491 1007 3658 1078 pro-

531 1128 877 1219 prietates
928 1122 1384 1221 fingularuni
1437 1144 1812 1200 terrarum
1858 1127 1939 1197 in
1989 1105 2421 1222 regionibus
2493 1126 2586 1196 ad
2655 1126 2823 1198 solis
2887 1124 3320 1223 potestatem
3379 1145 3660 1223 tempe-

529 1249 889 1343 rarentur.
1022 1278 1213 1345 Sunt
1262 1275 1464 1343 enim
1514 1276 1851 1346 Boeotiae
1891 1272 2203 1343 flumina
2259 1267 2589 1374 Cephisos
2638 1292 2715 1344 et
2760 1278 3021 1362 Mela5‚
3065 1277 3427 1349 Lucaniae
3485 1278 3660 1343 Cra-

528 1421 655 1505 tis,
718 1421 977 1513 Trojae
1014 1418 1381 1507 Xanthus,
1431 1421 1660 1514 inque
1706 1422 1895 1516 agris
1935 1422 2578 1509 Clazomeniorum,
2629 1440 2702 1490 et
2724 1421 3331 1521 Erythraeorum,
3381 1439 3454 1491 et
3477 1428 3661 1491 Dao-

534 1547 956 1663 dicerfim'n,
1011 1567 1253 1637 fontes
1305 1590 1387 1636 ac
1431 1566 1769 1655 flumina,
1825 1556 1999 1639 cum
2054 1592 2322 1663 pecora
2374 1567 2518 1637 suis
2567 1569 3034 1662 temporibus
3085 1570 3258 1636 anni
3307 1583 3663 1659 parantur

530 1710 621 1778 ad
668 1716 1230 1809 conceptionem
1280 1732 1553 1810 partu5‚
1604 1738 1741 1808 per
1788 1713 1869 1786 id
1912 1732 2205 1809 tempus
2254 1710 2660 1807 adiguntur
2708 1738 2795 1782 eo
2845 1712 3184 1807 quotidie
3232 1733 3518 1805 potum,
3571 1732 3664 1778 ex

532 1881 771 1950 eoque
826 1863 1157 1951 quamvis
1199 1857 1340 1930 Iint
1389 1862 1578 1946 alba,
1629 1877 2024 1953 procreant
2056 1859 2220 1927 aliis
2262 1859 2449 1926 locis
2497 1825 2975 1950 leucophaea,
3023 1859 3185 1926 aliis
3211 1857 3390 1925 locis
3433 1855 3662 1948 pulla,

538 2001 704 2069 aliis
757 2003 1100 2090 coracino
1153 2005 1424 2071 colore.
1550 2011 1668 2072 Ita
1727 2004 2140 2094 proprietas
2190 2000 2508 2090 liquoris
2571 2023 2744 2067 cum
2791 2002 2937 2068 init
2988 2004 3068 2069 in
3110 2026 3376 2094 corpus
3425 1999 3669 2094 prose·

532 2146 766 2213 minat
825 2147 1221 2215 intinctam
1297 2146 1409 2217 sui
1472 2143 1832 2237 cujusque
1896 2143 2186 2237 generis
2253 2142 2716 2237 qualitatem.
2871 2144 3104 2237 Igitur
3169 2144 3521 2237 quoniam
3587 2144 3665 2212 in
3765 2205 3774 2216 .

444 2297 450 2302 ’
531 2289 805 2382 campis
852 2291 1191 2386 'Trojanis
1231 2277 1576 2382 proxime
1618 2285 1907 2357 flumen
1958 2283 2287 2355 armenta
2336 2285 2522 2371 rufa,
2575 2302 2649 2354 et
2700 2311 2965 2380 pecora
3009 2289 3464 2382 leucophaea
3512 2285 3665 2356 nasa

531 2453 826 2521 cuntur,
876 2437 1048 2505 ideo
1098 2433 1510 2505 id⁶flumen
1576 2424 1862 2532 Ilienfi’s
1918 2429 2309 2500 Xanthum
2361 2428 2833 2524 appellavisse
2890 2434 3265 2504 dicuntur.
3397 2401 3698 2503 Etiam·-

533 2606 681 2677 que
732 2583 1225 2652 inveniuntur
1279 2604 1515 2675 aquae
1578 2601 1850 2674 genera
1905 2575 2332 2662 mortifera,
2435 2600 2623 2671 quae
2686 2603 2822 2673 per
2880 2575 3311 2650 maleficum
3376 2574 3672 2648 succum

531 2747 777 2799 terrae
823 2689 1333 2831 percurrentia
1378 2724 1754 2818 recipiunt
1788 2723 1871 2791 in
1922 2719 1992 2789 se
2035 2722 2195 2789 vim
2243 2740 2705 2808 venenatam,
2749 2724 2864 2792 uti
2907 2717 3116 2793 fuiffe
3169 2722 3445 2792 dicit-ur
3505 2727 3575 2791 T
3564 2748 3672 2791 er-

534 2877 831 2946 racinae
880 2872 1077 2961 fons,
1130 2869 1718 2967 qui-vocabatur
1764 2866 2195 2962 Neptunius,
2245 2890 2339 2933 ex
2385 2890 2534 2959 quo
2584 2868 2716 2962 qui
2763 2845 3111 2937 biberant
3159 2867 3672 2975 imprudentes

466 2999 471 3005 ι
534 3025 691 3093 vita
747 3022 1274 3116 privabantur3
1372 3032 1828 3111 quapropter
1872 3012 2164 3107 antiqui
2215 3036 2392 3082 eum
2438 3006 2873 3082 obstmxiffe
2919 3012 3307 3083 dicuntur:
3359 3013 3672 3107 et'apud

548 3166 865 3267 Cyclo-os
915 3168 996 3235 in
1051 3164 1364 3234 Thracia
1411 3165 1653 3248 lamis,
1718 3185 1814 3229 ex
1877 3182 2026 3252 quo
2093 3180 2249 3227 non
2313 3156 2558 3227 solum
2614 3159 2748 3251 qui
2811 3158 3146 3227 biberint
3206 3159 3672 3241 moriuntur,

541 3314 669 3384 sed
716 3313 943 3382 etiam
992 3311 1124 3405 qui
1167 3306 1526 3376 laverint:
1580 3304 1764 3374 item
1802 3304 1883 3371 in
1944 3306 2014 3369 T
2012 3293 2307 3396 hfffitll'a
2352 3300 2514 3407 fons
2566 3297 2665 3369 est
2704 3284 3119 3394 profluenS,
3171 3326 3266 3371 ex
3316 3327 3465 3395 quo
3515 3302 3675 3372 fon·

543 3478 641 3545 te,
690 3483 826 3528 nec
871 3479 1098 3553 pecus
1146 3452 1397 3522 ullum
1443 3440 1697 3543 gustat,
1746 3467 1883 3514 nec
1931 3437 2333 3511 bestiarum
2383 3465 2614 3538 genus
2678 3445 2930 3512 ullum
2989 3447 3297 3536 propius
3360 3430 3672 3539 accedit3

538 3605 638 3679 ad
686 3628 912 3702 quem
962 3600 1248 3673 fontem
1285 3595 1628 3691 proxime
1678 3584 1778 3659 est
1826 3589 2049 3658 arbor
2094 3586 2373 3657 florens
2416 3611 2796 3682 purpureo
2839 3589 3113 3658 colore.
3214 3594 3391 3658 Non
3429 3591 3673 3659 minus

544 3756 628 3825 in
678 3749 1136 3831 Macedonia,
1188 3768 1339 3838 quo
1385 3741 1535 3811 loci
1576 3736 1903 3831 sepultus
1956 3728 2057 3802 est
2126 3735 2548 3827 Euripides,
2616 3733 2876 3804 dextra
2938 3760 3019 3805 ac
3079 3730 3362 3804 finistra·
3414 3759 3676 3803 monu—
3775 3758 3782 3761 ·

548 3898 787 3969 menti
832 3894 1310 3965 advenientes
1353 3887 1503 3957 duo
1552 3885 1701 3955 rivi
1744 3895 2198 3953 concurrunt
2241 3881 2322 3949 in
2387 3904 2659 3965 unum,
2725 3905 2765 3949 e
2827 3882 3100 3974 quibus
3154 3879 3244 3949 ad
3299 3906 3536 4005 unum
3601 3884 3674 3972 ⁴)

553 4043 1067 4116 accumbentes
1114 4036 1434 4105 viatores
1476 4026 1879 4127 pransitare
1914 4002 2203 4110 solent,
2251 4048 2562 4121 propter
2627 4051 2856 4121 aquae
2923 4028 3369 4117 bonitaten13
3430 4026 3522 4096 ad
3581 4028 3679 4096 ri·

551 4216 734 4261 vum
777 4206 1026 4259 autem
1074 4185 1204 4278 qui
1255 4177 1355 4250 est
1403 4205 1497 4249 ex
1546 4179 1775 4247 altera
1823 4190 2030 4267 parte
2084 4176 2573 4259 monumenti,
2617 4200 2837 4243 nemo
2889 4173 3186 4260 accedit,
3236 4173 3439 4266 quod
3485 4198 3678 4242 mor·

483 4396 495 4413 ,
556 4336 852 4408 tiferam
892 4357 1157 4427 aquam
1197 4328 1471 4400 dicitur
1510 4324 1807 4393 habere.
1942 4325 2130 4387 Item
2193 4315 2292 4387 est
2351 4320 2429 4387 in
2493 4308 2816 4388 Arcadia
2885 4319 3242 4387 Nonacris
3308 4320 3678 4387 nominata

692 4618 759 4685 4)
826 4610 922 4663 Sic
963 4604 1108 4661 Cotl.
1147 4623 1251 4659 ms.
1321 4603 1412 4656 Al.
1455 4617 1812 4667 concurrunt,
1852 4606 1912 4652 in
1949 4620 2107 4651 unum
2146 4600 2544 4650 accumbentes.
