4697 5919
1418 343 1770 411 LIBER
1835 288 1929 409 V}
2065 341 2450 412 CAPUT
2512 346 2572 413 Ι.
3443 362 3570 408 xm

447 574 691 651 trabes
738 574 857 669 (e)
906 567 1337 645 sustinentes
1388 550 1860 648 cantherium
1907 571 2101 670 (pp)
2143 592 2222 646 et
2258 573 2588 671 porticus
2644 570 2725 665 2)
2782 594 2968 667 quae
3037 569 3207 643 sunt
3267 568 3572 642 submis-

420 722 523 793 ·sa·
577 721 771 794 infra
822 716 1290 793 testudinem
1355 712 1549 791 tecta
1613 721 1691 814 (q
1717 708 1831 815 'ql'
1938 721 2272 817 Reliqua·
2332 721 2558 816 spatia
2633 723 2837 792 inter
2909 714 3431 816 parastatarum
3493 732 3571 785 et

443 871 967 939 columnarum
1004 866 1248 937 trabes
1299 879 1448 959 'per
1499 868 2082 938 intercolumnia
2142 866 2562 939 luminibus
2603 868 2709 960 (f)
2767 866 2941 938 sunt
3000 866 3283 936 relicta.
3434 868 3567 932 Co·
3617 826 3627 835 .

441 976 754 1085 lumnae'
797 1012 981 1083 sunt·
1012 1013 1112 1082 in·
1135 1000 1537 1081 latitudine
1586 1006 1989 1082 testudinis
2021 1035 2195 1082 cum
2246 1013 2730 1107 angularibus
2780 1012 2914 1109 (g)
2948 1012 3208 1082 dextra
3260 1032 3342 1079 ac
3402 1003 3570 1080 fini-

441 1155 601 1247 stra,
655 1176 1089 1255 quatemae·
1069 1208 1092 1250 ,
1141 1159 1223 1227 in
1267 1156 1764 1254 longitudine,
1812 1170 2025 1252 quae
2050 1154 2150 1227 est
2202 1157 2373 1228 foro
2414 1161 2779 1254 proxima,
2827 1174 3001 1229 mun
3039 1155 3305 1227 iisdem
3344 1177 3579 1250 angu-

436 1301 722 1376 laribus
762 1321 972 1379 octo·
950 1358 975 1399 ‚
1069 1328 1165 1373 ex
1225 1306 1455 1373 altera
1522 1321 1758 1399 parte
1790 1327 1966 1377 cum
2007 1306 2486 1427 angularibus
2544 1305 2693 1394 seit,
2783 1304 2959 1375 ideo
3021 1303 3227 1400 quod
3282 1299 3570 1372 mediae

437 1450 628 1521 duae
674 1452 757 1520 in
798 1476 883 1523 ea
944 1467 1154 1544 parte
1206 1474 1362 1520 non
1422 1448 1593 1520 sunt
1636 1445 1945 1544 ‘politae3
2034 1472 2139 1519 ne
2190 1422 2608 1547 impediant
2665 1450 2994 1547 aspectus
3053 1448 3318 1545 pronai
3376 1444 3573 1517 aedis

436 1587 764 1695 Augusti
815 1594 964 1688 (h),
1057 1621 1245 1691 quae
1294 1591 1396 1666 est
1430 1598 1557 1664 .in·.
1568 1595 1851 1669 m'edio
1905 1597 2139 1667 latere
2198 1597 2508 1690 parietis
2566 1594 2908 1669 bafilicae
2969 1598 3328 1666 collocata
3377 1591 3574 1685 spec-

435 1761 622 1815 tans
640 1744 979 1851 mediuni
1024 1742 1276 1819 forum
1306 1760 1400 1815 et
1449 1741 1707 1825 aedem
1755 1743 1970 1818 Iovis.
2070 1749 2267 1817 Item
2311 1744 2655 1816 tribunal
2703 1741 2794 1837 (i)
2855 1740 2934 1835 ³)
2985 1736 3149 1813 eft
3129 1765 3212 1811 ιιι
3258 1761 3343 1810 ea
3391 1734 3570 1807 aede

432 1892 838 1979 hemicycli
870 1854 1292 1993 schematis,
1332 1891 1625 1958 minore
1675 1906 2073 1958 curvatum
2134 1860 2562 1963 formatum.
2701 1888 2881 1980 Ejus
2942 1904 3196 1959 autem
3239 1883 3573 1970 hemicy-

437 2037 536 2130 cli
589 2036 669 2127 in
718 2034 964 2103 fronte
1014 2029 1115 2104 est
1156 1996 1645 2104 intervallum
1685 2032 1970 2125 pedum
2019 2032 2506 2124 quadran
2557 2031 2705 2117 sex,
2765 2030 3126 2104 introrsus
3176 2044 3576 2107 curvatura

432 2177 721 2274 pedum
779 2176 1235 2270 quindecim,
1312 2175 1431 2242 uti
1499 2154 1620 2244 eos
1663 2173 1798 2273 qui
1859 2170 2060 2264 apud
2098 2166 2587 2267 magistratus.
2619 2166 2914 2262 starent,
2978 2174 3440 2269 negotiantes
3494 2171 3577 2241 in

431 2316 727 2392 bafilica
768 2343 866 2390 ne
901 2296 1398 2413 impedirent.⁸
1495 2318 1729 2407 Supra
1758 2294 2140 2388 columnas
2175 2339 2272 2385 ex
2316 2316 2562 2387 tribus
2602 2319 2830 2414 tignis
2871 2286 3345 2412 bipedalibus
3376 2337 3575 2388 com·

430 2468 664 2562 pac-tis
715 2462 957 2534 trabes
1008 2462 1123 2557 (k)
1169 2459 1341 2530 sunt
1381 2440 1572 2529 circa
1618 2460 2040 2561 collocatae,
2090 2478 2368 2557 eaeque
2414 2462 2507 2535 ab
2557 2463 2801 2535 tertiis
2850 2465 3218 2535 columnis
3268 2461 3401 2556 (11)
3436 2462 3572 2575 qui

432 2612 606 2683 sunt
658 2615 738 2681 in
762 2607 1132 2685 interiori
1174 2624 1385 2741 parte
1438 2624 1928 2679 revertuntur
1991 2606 2085 2677 ad
2144 2624 2346 2722 antas
2406 2616 2521 2695 (m
2545 2606 2686 2703 m),
2764 2610 2898 2706 qui
2953 2634 2994 2682 a
3064 2633 3348 2707 pronao
3399 2632 3575 2704 pro-

431 2774 770 2843 currunt,
819 2732 1260 2849 dextraque
1278 2769 1355 2821 et
1400 2747 1676 2823 finisti-a
1719 2715 2234 2843 hemicyclum
2280 2770 2623 2851 tangunt.
2737 2762 2988 2852 Supra
3019 2757 3264 2855 trabes
3312 2770 3572 2826 contra

432 2903 758 3000 capitula
807 2926 903 2973 ex
947 2899 1334 2975 fulmentis
1385 2893 1771 2994 dispositae
1840 2896 2040 2993 pilae
2090 2899 2234 2994 (ιι)
2258 2898 2432 2972 sunt
2486 2901 2907 2989 collocatae,
3004 2903 3194 2975 altae
3252 2901 3572 3016 pedibus

430 3052 699 3138 tribus,
740 3050 935 3121 latae
981 3041 1539 3145 quoquoversus
1604 3045 2006 3141 quaternis
2154 3047 2392 3141 Supra
2438 3070 2553 3119 eas
2598 3073 2693 3118 ex
2745 3046 3041 3118 duobus
3089 3049 3334 3143 tignis
3362 3047 3570 3140 bipe-

417 3200 720 3272 dalibus
759 3197 1006 3268 trabes
1056 3197 1502 3291 everganeae
1554 3173 1668 3286 (o)
1714 3190 1908 3262 circa
1964 3187 2137 3263 sunt
2174 3169 2611 3278 collocatae,
2672 3190 2954 3287 quibus
2997 3191 3303 3288 insuper
3343 3188 3572 3262 trans·-

418 3356 545 3416 tra
596 3345 664 3434 (s
698 3342 765 3422 s)
823 3353 997 3410 cum
1047 3340 1410 3434 capreolis
1456 3334 1979 3410 columnarum
2019 3336 2100 3428 ⁴)
2148 3312 2404 3410 contra
2452 3361 2762 3433 corpora
2815 3337 2892 3431 ⁸)
2935 3354 3013 3409 et
3069 3355 3269 3410 antas
3323 3355 3400 3410 et
3445 3361 3602 3432 pam

424 3494 651 3566 rietes
699 3484 963 3584 pronai
1018 3484 1379 3556 collocata·
1420 3473 1795 3552 sustinents
1816 3503 2059 3552 unum
2100 3483 2401 3552 culmen
2452 3483 2572 3573 (v)
2611 3500 3012 3577 perpetuae
3058 3478 3413 3572 bafilicae,
3465 3485 3568 3555 al-

427 3659 686 3711 terum
733 3659 775 3706 a
815 3629 1065 3705 medio
1113 3627 1327 3726 supra·
1370 3619 1739 3725 pronaum
1782 3623 2002 3698 aedis.
2102 3630 2216 3700 Ita
2267 3623 2722 3726 fastigiorum·
2771 3622 3056 3724 duplex
3105 3627 3177 3723 ⁶)
3215 3646 3386 3700 nata
3427 3629 3572 3700 dis·
3681 3719 3688 3726 ἢ

425 3782 714 3883 politio,
764 3770 1213 3852 extrinsecus
1262 3770 1467 3865 tecti,
1512 3779 1589 3848 εἱ
1636 3767 2015 3847 interioris
2066 3767 2256 3850 altae
2306 3763 2713 3867 testudinis,
2759 3766 3069 3874 praestat
3123 3779 3193 3869 ⁷)
3250 3773 3566 3872 speciem

2921 3927 2995 3948 ,χὴ

565 4065 641 4146 Β)
695 4070 845 4130 cod.
874 4088 984 4125 ms.
1016 4084 1074 4125 et
1106 4067 1214 4123 Ed.
1251 4066 1414 4142 Sulp.
1434 4065 1750 4145 ‘vulgoque
1779 4074 2079 4142 porticum.

561 4170 841 4292 5²00&
874 4211 983 4279 ins.
1019 4237 1078 4278 et
1106 4221 1217 4278 Ede
1252 4217 1418 4296 Sulp.
1454 4216 1629 4294 quo‘d.
1759 4263 1763 4272 .

440 4401 447 4408 ·
566 4379 628 4448 4)
697 4376 797 4430 sio
830 4374 977 4430 coa,
1020 4392 1133 4430 ms.
1171 4389 1229 4430 et
1274 4354 1384 4426 m.
1415 4365 1693 4447 salpiam.

563 4530 628 4597 5)
695 4523 843 4579 Cod.
877 4525 979 4578 ras.
1014 4539 1274 4598 corpor-‘aa
1314 4473 1509 4601 ‘vulgo
1544 4522 1851 4595 zophoros.

560 4677 627 4747 6)
693 4680 853 4732 tecti«
922 4675 1069 4730 cod.
1100 4693 1207 4731 ms.
1239 4688 1297 4730 et
1330 4672 1436 4728 Ed.
1469 4619 1638 4747 8:119«
1770 4643 1773 4652 Ι
1804 4745 1807 4748 Ἴ
2073 4675 2136 4741 7)
2171 4671 2271 4727 Sic
2302 4668 2450 4726 cod.
2475 4635 2581 4726 ms.
2610 4685 2668 4726 et
2701 4669 2809 4726 Ed.
2832 4671 2889 4726 S.
2937 4686 2995 4725 at
3017 4669 3226 4748 vulgo,
3261 4674 3562 4747 praestant.
