4697 5919
1044 361 1189 428 190
1411 287 1417 294 ὀ
1534 340 1652 407 Μ.
1725 338 2276 408 VITRUVII
2373 337 2453 402 Ρ.
2538 337 2688 406 DE
2760 335 3683 405 ARCHITECTURA

1039 592 1286 645 terrae
1336 572 1566 665 regiO,
1635 595 1821 665 quae
1873 569 2104 640 habet
2152 571 2233 639 in
2293 565 2683 638 montibus
2745 592 2785 637 e
2852 565 3026 638 saxo
3075 563 3429 640 stillantes
3500 531 4000 666 frigidissimos'
4039 572 4181 641 hu·
4222 556 4231 566 ⁹

1041 742 1309 791 mores.
1427 722 1641 788 Haec.
1698 735 1950 786 autem
2013 739 2201 808 aqua
2258 718 2532 810 Stygos
2592 711 2834 809 hydor
2890 715 3324 814 nominatur
3362 739 3585 808 quam
3630 731 3874 811 neque
3925 742 4181 813 argen-

1039 884 1268 948 teum,
1316 887 1561 957 neque
1610 887 1945 948 aeneum,
1995 885 2247 957 neque
2290 858 2614 928 ferreum
2680 883 2804 930 vas
2866 856 3103 953 potest
3166 856 3518 931 sustinere
3570 859 3678 953 ⁵),
3742 862 3866 932 sed
3930 860 4182 935 dissilit

1045 1030 1124 1083 et
1169 1006 1567 1103 dissipatur.
1670 1007 2118 1080 conservare
2167 1024 2416 1078 autem
2466 1029 2650 1091 eam,
2698 1022 2774 1075 et
2817 1006 3200 1076 continere
3252 1008 3450 1077 nihil
3481 1007 3693 1094 ‚aliud
3742 1003 3997 1103 potest,
4049 1005 4184 1080 nifi

1042 1159 1331 1229 mulina
1377 1157 1678 1250 ungula,
1729 1179 1915 1249 quae
1959 1157 2185 1224 etiam
2230 1145 2691 1222 memoratur
2737 1151 2830 1221 ab
2877 1154 3277 1247 Antipatro
3325 1156 3407 1225 in
3471 1156 3968 1247 provinciam,
4047 1156 4185 1226 ubi

1047 1321 1209 1374 erat
1250 1302 1687 1397 Alexander,
1728 1325 1865 1395 per
1917 1303 2179 1372 Iollam
2224 1295 2477 1370 filium
2518 1299 2883 1392 perlatam
2930 1293 3091 1385 effe,
3141 1318 3217 1369 et
3276 1301 3368 1370 ab
3422 1324 3511 1371 eo
3561 1325 3644 1371 ea
3691 1325 3879 1396 aqua
3927 1324 4183 1396 regem

1048 1444 1191 1520 effe
1234 1465 1599 1518 necatum.
1700 1455 1896 1519 Item
1935 1445 2241 1543 Alpibus
2285 1446 2366 1515 in
2417 1415 2607 1515 Gothi
2644 1445 2710 1534 ⁶)
2752 1466 2992 1540 regno
3036 1442 3139 1516 est
3177 1470 3384 1540 aqua,
3429 1470 3655 1541 quam
3696 1448 3826 1540 qui
3877 1441 4185 1541 gustant,

1050 1588 1290 1661 statim
1338 1594 1764 1664 concidunt.
1876 1599 2075 1686 Agro
2122 1608 2377 1661 autem
2441 1583 2710 1690 Falisco
2774 1555 2895 1660 via
2964 1595 3346 1688 Campana
3405 1595 3489 1662 in
3549 1617 3811 1687 campo
3884 1595 4186 1662 Corneto

1050 1732 1153 1807 est
1200 1739 1435 1823 lucus,
1487 1739 1568 1806 in
1619 1760 1767 1831 quo
1815 1735 1981 1807 fons
2027 1738 2287 1823 oritur,
2326 1705 2472 1806 'ubi
2521 1738 2878 1833 anguium
2941 1757 3017 1810 et
3076 1740 3522 1809 lacertarum
3578 1741 4187 1832 reliquanunque

1047 1881 1505 1975 serpentium
1555 1876 1699 1951 offa
1761 1881 2074 1971 iacentia
2140 1898 2517 1975 apparent.
2667 1889 2860 1953 Item
2929 1882 3101 1953 sunt
3164 1885 3573 1953 nonnullae
3647 1884 3891 1954 acidae
3953 1909 4188 1954 venae

1049 2024 1377 2098 fontium
1414 2029 1531 2097 uti-
1577 2020 1955 2122 Lyncesto,
2010 2044 2087 2095 et
2136 2026 2219 2093 in
2272 2029 2497 2093 Italia
2552 2031 2637 2094 V
2629 2028 2837 2096 irena
2893 2028 2993 2119 ⁷),
3053 2028 3463 2125 Campania
3522 2027 3831 2116 ΤῚιεαηο,
3881 2031 4188 2125 aliisque

1047 2171 1237 2242 locis
1279 2171 1625 2264 pluribus
1669 2193 1857 2264 quae
1907 2171 2099 2240 hanc
2141 2169 2423 2240 habent
2466 2171 2847 2257 virtutem,
2895 2173 3011 2241 uti
3063 2174 3384 2245 calculos
3424 2176 3507 2243 in
3557 2172 3804 2244 vesicis
3854 2179 3986 2267 qui
4037 2175 4190 2244 nas-

1052 2334 1326 2389 cuntur
1371 2318 1452 2384 in
1512 2316 1954 2408 corporibus
2008 2315 2903 2404 hominum''fflbnibus
2965 2313 3396 2408 discutiant3
3490 2312 3664 2386 fieri
3726 2336 3977 2388 autem
4040 2320 4190 2389 hoc

1058 2462 1503 2531 naturaliter
1551 2461 1725 2529 ideo
1774 2458 2096 2544 videtur,
2137 2457 2341 2550 quod
2402 2482 2571 2527 acer
2630 2474 2705 2527 et
2753 2429 3017 2529 'acidus
3080 2445 3330 2532 succus
3388 2457 3626 2531 subest
3672 2461 3753 2531 in
3819 2487 3902 2533 ea
3955 2481 4190 2552 terra,

1051 2628 1187 2701 per
1229 2626 1454 2698 quam
1499 2601 1963 2698 egredientes
2003 2625 2234 2672 venae
2283 2603 2763 2697 intinguntur
2804 2603 3248 2691 acritudine,
3301 2625 3380 2677 et
3427 2609 3528 2677 ita
3574 2632 3748 2679 cum
3793 2610 3874 2679 in
3926 2633 4186 2703 corpus

1057 2752 1410 2832 inierunt,
1461 2742 1800 2841 dissipant
1842 2770 2027 2841 quae
2066 2771 2161 2816 ex
2203 2769 2564 2840 aquarum
2611 2738 3056 2817 subsidentia
3099 2751 3182 2819 in
3223 2752 3692 2846 corporibus,
3745 2773 3821 2824 et
3865 2754 4187 2826 concres-

1057 2895 1301 2968 centia
1349 2861 1841 2993 offenderunt.
1944 2897 2183 2987 Quare
2236 2909 2489 2965 autem
2539 2868 3024 2963 discutiantur⁶
3076 2918 3171 2964 ex
3221 2893 3442 2966 acidis
3491 2923 3614 2970 eae
3657 2925 3810 2988 res,
3874 2897 3967 2972 fic
4029 2901 4186 2999 pos-

1052 3042 1305 3113 sumus
1354 3039 1961 3108 animadvertere.
2065 3043 2311 3108 Ovum
2362 3040 2444 3107 in
2493 3055 2701 3109 aceto
2743 3035 2798 3107 fi
2827 3039 3125 3135 *diutius
3174 3038 3496 3134 pofitum
3555 3047 3628 3136 8)
3695 3047 3956 3135 fuerit,
4023 3075 4179 3120 cor-

1049 3205 1183 3258 tex
1226 3184 1383 3274 ejus
1430 3181 1815 3267 mollescet
1863 3199 1940 3251 et
1991 3176 2449 3251 dissolvetur.
2567 3187 2760 3250 Item
2804 3184 3240 3277 plumbum,
3299 3192 3506 3283 quod.
3554 3189 3654 3263 est
3702 3190 4181 3269 lentissimum

1053 3348 1131 3403 et
1177 3322 1699 3423 graviss'mm,
1742 3319 1797 3392 fi
1842 3324 1924 3393 in
1974 3322 2138 3393 vase
2188 3326 2637 3395 collocatum
2685 3327 2950 3415 fuerit,
3019 3350 3094 3401 et
3149 3333 3230 3401 in
3297 3360 3386 3405 eo
3446 3356 3737 3412 acetum
3799 3338 4185 3414 suffusum·

1050 3474 1133 3548 id
1182 3489 1433 3542 autem
1480 3484 1830 3562 opertum
1872 3484 1946 3537 et
1994 3467 2319 3538 oblitum
2369 3464 2424 3539 fi
2479 3472 2657 3558 erit,
2708 3442 3069 3545 efficietur
3116 3479 3234 3549 uti
3283 3481 3683 3574 plumbum
3729 3484 4185 3574 diffohzatur,

1052 3638 1126 3692 et
1173 3616 1309 3690 fiat
1356 3608 1650 3686 ceruss'a.
1748 3612 2045 3683 Eisdem
2093 3614 2505 3685 rationibus
2553 3639 2694 3702 aes,
2750 3620 2954 3712 quod
3018 3623 3242 3694 etiam
3303 3625 3651 3698 solidiore
3715 3627 3814 3702 est
3877 3653 4184 3725 natura,

1045 3763 1386 3839 [imiliter
1426 3774 1766 3830 curatum
1806 3754 1861 3827 fi
1902 3756 2147 3845 fuerit,
2211 3758 2691 3856 diffipabitur,
2753 3782 2830 3834 et
2882 3763 3018 3837 fiet
3083 3793 3371 3866 aerugo.
3495 3782 3692 3846 Item
3752 3785 4182 3878 margarita,

1047 3937 1203 3984 non
1248 3907 1495 3980 minus
1546 3904 1709 3974 saxa
1750 3901 2007 3989 silicea,
2060 3930 2245 3996 quae
2297 3933 2544 4000 neque
2584 3906 2866 4021 ferrum
2913 3938 3156 4008 neque
3221 3918 3409 4012 ignis
3457 3919 3695 4014 potest
3741 3951 3877 4021 per
3928 3928 3996 3999 se
4047 3930 4182 4001 ‹lis-

1179 4186 1248 4257 5)
1316 4183 1414 4238 Sic
1447 4181 1595 4235 cod.
1634 4201 1741 4237 ms.
1844 4182 1938 4236 Al.
1971 4187 2289 4263 subsistere.

1188 4336 1256 4408 6)
1325 4334 1468 4389 eod.
1502 4352 1609 4388 ma.
1643 4335 1712 4387 Ε.
1749 4335 1807 4388 8.
1840 4348 1897 4388 et
1934 4333 2081 4390 Cod.
2115 4337 2209 4390 Fr.
2250 4338 2442 4395 Crobi-

1181 4490 1247 4559 7)
1316 4484 1561 4540 Codices
1598 4484 1795 4539 Guelfi
1829 4500 1884 4539 et
1919 4487 2012 4538 Fr.
2044 4491 2104 4539 'et
2135 4488 2202 4539 Ε.
2239 4490 2293 4542 8.
2339 4491 2588 4549 Vienna.
2657 4495 2895 4550 Galiani
2934 4497 3158 4551 Velina.

1175 4638 1238 4709 B)
1312 4637 1408 4690 Sic
1447 4633 1589 4688 Cod.
1625 4653 1729 4688 ms.
1796 4634 1886 4689 ΑΙ.
1926 4638 2240 4711 itrtpose'tum
2289 4640 2363 4693 al.
2399 4643 2740 4717 appositum.
