4697 5919
1178 400 1187 413 ·
1394 360 1782 447 LIBER
1846 378 1931 443 v.
2034 378 2417 479 CAPUT
2476 350 2671 445 xri.
3484 394 3615 463 223

482 590 706 702 quam
741 586 1447 702 magn'21500nl'tituta·
1499 602 1745 691 fuerit,
1796 607 1907 676 ibi
1951 594 2317 693 struatur,
2346 616 2610 701 eaque,
2660 580 2842 679 chm-
2869 611 3026 679 ‘erit
3055 612 3442 695 extructa,
3489 610 3612 680 re-

479 755 868 849 linquatur
912 777 1011 821 ne
1050 753 1298 822 minus
1344 732 1567 847 quam
1610 732 1760 822 duo
1800 750 2101 838 menses,
2151 770 2237 823 ut
2282 748 2641 824 ficcesca't:
2673 758 2870 825 tunc
2917 772 3165 826 autem
3207 744 3614 826 succidatur
3694 821 3697 831 .

477 902 761 995 margO,
809 922 996 992 quae
1045 894 1347 968 sustinet
1392 922 1726 969 arenam:
1826 905 1939 969 Ita
1980 923 2197 968 arena
2237 898 2589 970 fluctibus
2632 896 2932 971 subruta
2973 899 3239 973 efficiet
3284 902 3364 971 in
3410 898 3609 971 mare

479 1046 677 1139 pilae
724 1045 1437 1139 praecipitationem.
1538 1049 1701 1115 Hac
1749 1046 2035 1114 ratione
2088 1046 2674 1140 quotiescunque
2710 1071 2893 1141 opus
2924 1047 3169 1137 fuerit,
3219 1049 3297 1117 in
3347 1042 3613 1142 aquam

480 1193 762 1285 poterit
811 1184 949 1260 effe
997 1186 1431 1286 progressus.
1531 1197 1701 1262 Hoc
1750 1208 2000 1259 autem
2041 1216 2314 1263 munus
2361 1192 2696 1261 naturale
2747 1192 3376 1280 habent-eaffoca,
3426 1217 3612 1288 quae

478 1336 693 1430 supra
738 1319 1001 1431 scripta
1041 1336 1232 1407 sunt.
1333 1344 1423 1407 In
1473 1338 1742 1431 quibus
1786 1354 2038 1406 autem
2086 1338 2266 1407 locis
2313 1338 2563 1431 pulvis
2611 1336 3174 1440 nondnascitur,
3235 1341 3350 1410 his
3397 1340 3615 1408 ratio-

480 1483 700 1553 nibus
755 1483 899 1551 erit
958 1449 1413 1553 faciendiim:
1483 1486 1597 1553 uti
1647 1506 1853 1552 arcae
1901 1482 2236 1576 duplices
2282 1469 2534 1562 relatis
2599 1484 2875 1555 tabulis
2937 1476 3013 1553 et
3078 1486 3349 1555 catenis
3409 1486 3616 1555 colli-

478 1649 683 1722 gatae
733 1628 816 1696 in
865 1651 953 1696 eo
1001 1627 1191 1711 locu,
1245 1629 1373 1720 qui
1425 1624 1684 1721 finitus
1733 1629 1910 1712 erit,
1958 1622 2532 1713 constituantur,
2595 1645 2671 1696 et
2718 1629 2920 1696 inter
2974 1624 3356 1699 destinatas
3418 1646 3615 1699 creta

477 1742 884 1843 heronibus
941 1775 1007 1862 ⁴)
1058 1798 1156 1843 ex
1202 1774 1381 1841 ulva
1430 1769 1731 1868 palustri
1788 1773 1993 1843 factis
2045 1774 2391 1843 calcetur.
2514 1779 2701 1842 Cum
2748 1773 2852 1840 ita
2898 1773 3091 1842 bene
3131 1774 3492 1842 calcatum
3538 1792 3613 1843 et

479 1940 702 2011 quam
743 1913 1141 1986 densiffime
1190 1917 1437 2000 fuerit,
1488 1934 1665 1987 tunc
1708 1918 2052 1999 cochleiS,
2093 1917 2294 2000 rotis,
2345 1917 2721 2007 tympanis
2774 1917 3172 2002 collocatis,
3219 1917 3432 1987 locus
3478 1921 3612 2013 qui

481 2062 563 2129 in
614 2084 696 2129 ea
741 2060 1071 2153 septione
1118 2057 1377 2128 finitus
1435 2050 1711 2141 fuerit,'
1765 2058 2235 2125 exinaniatur
2283 2053 2768 2147 sicceturque,
2829 2073 2909 2124 et
2953 2060 3064 2126 ibi
3106 2060 3301 2127 inter
3345 2060 3611 2153 septio-

478 2229 605 2275 nes
656 2205 1135 2273 fundamenta
1188 2201 1586 2269 fodiantur.
1627 2191 1633 2197 “
1686 2204 1760 2269 Si
1810 2219 2102 2268 terrena
2140 2216 2398 2284 erunt,
2459 2223 2694 2290 usque
2752 2199 2848 2268 ad
2903 2198 3223 2270 solidum
3284 2173 3609 2275 crassiora

480 2373 702 2444 quam
748 2372 1038 2430 muruS,
1105 2346 1237 2439 qui
1307 2343 1524 2438 supra
1586 2343 1880 2413 futurus
1938 2344 2114 2428 erit,
2194 2344 2699 2429 exinaniatur,
2783 2340 3234 2437 ficceturque
3293 2367 3373 2418 et
3428 2367 3609 2420 tunc

477 2492 834 2567 structura
883 2516 977 2561 ex
1025 2491 1419 2560 caementis
1463 2488 1659 2558 calce
1703 2506 1777 2558 et
1827 2512 2045 2557 arena
2088 2489 2572 2582 compleatur.
2706 2490 2833 2559 Sin
2875 2507 3127 2560 autem
3189 2493 3441 2564 mollis
3493 2495 3604 2564 lo·

476 2668 602 2714 cus
646 2642 807 2725 erit,
858 2640 1045 2732 palis
1094 2633 1425 2705 ustulatis
1473 2635 1722 2719 alneiS,
1774 2651 1903 2701 aut
1946 2634 2380 2726 oleagineis,
2445 2652 2574 2703 aut
2618 2629 2978 2705 robusteis
3027 2636 3096 2727 ⁵)
3156 2612 3603 2733 configatur,

479 2806 555 2858 et
601 2783 1044 2855 carbonibus
1095 2779 1589 2873 compleatur,
1663 2777 2291 2870 quemadmodum
2335 2778 2418 2846 in
2469 2779 2932 2849 theatrorum
2979 2798 3057 2850 et
3099 2785 3297 2852 muri
3345 2782 3602 2854 funda-

477 2908 811 3003 tionibus
867 2923 966 3002 est
1015 2926 1389 3020 scriptum.
1494 2920 1789 2994 Deinde
1858 2937 2038 2990 tunc
2094 2921 2454 3015 quadrato
2519 2922 2690 2993 saxo
2752 2949 3010 2995 murus
3071 2926 3381 2997 ducatur
3437 2928 3604 3019 jun·

477 3078 704 3148 cturis
754 3065 1477 3168 quanrlongissimis,
1512 3069 1653 3137 'uti
1692 3067 2016 3135 maxime
2062 3067 2293 3136 medii
2340 3066 2623 3159 lapides
2672 3070 3119 3162 coagmentis
3182 3073 3604 3142 continean-

476 3244 625 3293 tur.
729 3228 942 3290 Tunc
995 3219 1126 3310 qui
1171 3218 1379 3284 locus
1430 3215 1574 3282 erit
1624 3215 1820 3280 inter
1868 3236 2192 3297 murum,
2239 3211 2719 3282 ruderatione
2781 3208 2932 3282 slve
2984 3206 3350 3285 structura
3407 3240 3605 3287 com-

478 3369 793 3461 pleatur.
895 3368 1007 3431 Ita
1059 3359 1201 3428 erit
1246 3359 1362 3424 uti
1409 3349 1625 3448 possit
1668 3355 1895 3420 turris
1944 3353 2243 3444 insuper
2305 3352 2701 3425 aedificari.
2813 3326 2980 3426 >His
3041 3359 3421 3451 perfectiS,
3483 3385 3607 3431 na·

480 3511 853 3579 valiorum
903 3529 987 3574 ea
1031 3504 1183 3574 erit
1230 3500 1453 3583 ratio,
1502 3515 1590 3566 ut
1639 3489 2176 3565 constituantur
2215 3493 2612 3589 spectantia
2657 3500 2981 3569 maxime
3028 3501 3125 3570 ad
3171 3502 3604 3597 septentrio-

478 3681 688 3747 nem3
786 3677 960 3723 nam
1000 3647 1449 3718 meridianae
1504 3645 1839 3737 regiones
1888 3657 2196 3733 propter
2238 3635 2469 3712 aestus
2524 3644 2829 3731 cariem,
2878 3645 3174 3733 tineam,
3219 3648 3605 3738 teredines,

474 3763 912 3895 reliquaque
987 3790 1384 3866 bestiarum
1460 3789 1894 3859 nocentium
1934 3803 2237 3881 ‘genera
2313 3804 2741 3880 procreant,
2824 3790 3240 3890 alendoque
3321 3793 3605 3866 conser-

476 3964 696 4018 vant:
795 3967 1025 4037 eaque
1106 3935 1436 4009 aedificia
1498 3936 1810 4004 minime
1870 3932 2041 4020 sunt
2091 3932 2549 4002 materianda
2600 3951 2910 4030 propter
2970 3937 3335 4010 incendia.
3484 3948 3602 4014 De

471 4088 1118 4190 magnitudinibus
1197 4101 1445 4153 autem
1518 4076 1768 4151 finitio
1843 4078 2053 4147 nulla
2112 4076 2337 4148 debet
2395 4073 2567 4165 ess'e,
2639 4078 2764 4150 sed
2817 4078 3154 4153 faciunda
3220 4086 3312 4155 ad
3373 4090 3607 4158 maxi-

473 4265 692 4313 mum
728 4238 1037 4308 navium
1081 4230 1411 4314 modum,
1461 4228 1575 4296 uti
1629 4220 1756 4295 etfi
1804 4221 2117 4314 maiores
2166 4247 2387 4295 naves
2451 4223 2850 4298 subductae
2907 4225 3224 4317 fuerint,
3279 4232 3603 4305 habeant

619 4502 687 4569 4)
757 4493 852 4548 Sic
885 4473 1016 4545 cuni
1053 4487 1334 4559 Cujacioz
1371 4485 1479 4539 alii
1516 4482 1849 4548 meronibus,
1890 4481 1932 4534 s.
1958 4481 2284 4554 peronibus.
2320 4509 2327 4512 1

616 4651 683 4714 5)
753 4644 893 4701 Non
932 4638 1153 4718 legitur
1188 4637 1255 4692 in
1292 4635 1579 4712 Col-ms.
1612 4647 1669 4688 et
1701 4630 1807 4686 Ed.
1846 4629 2010 4704 Sulp.
2054 4693 2059 4700 ,
