4697 5919
1062 372 1201 442 253
1608 349 1721 418 M.
1772 341 2326 413 VITRUVII
2388 336 2465 405 P.
2552 339 2701 406 DE
2753 338 3680 415 ARCHITECTURA

1065 592 1291 662 XXV.
1337 600 1411 653 et
1457 571 1968 649 transversaria
1998 567 2358 669 quatuor.
2461 573 2667 639 Haec
2717 587 2964 642 autem
3012 576 3533 645 contineantur
3575 576 3667 644 ab
3718 566 3970 644 alteris
3997 571 4178 641 duo-

1062 735 1202 804 bus
1248 709 1479 801 craffis
1533 732 1602 796 F.
1655 728 1724 793 S.
1778 724 1943 809 latis
1972 726 2067 790 S·
2117 715 2385 790 distent
2426 709 3235 790 autemtransversaria
3276 721 3474 789 inter
3524 717 3598 787 se
3652 710 3943 788 circiter
3984 718 4175 810 pede

1062 896 1140 950 et
1193 882 1263 946 S.
1314 874 1963 966 supponanturque
2008 868 2089 936 in
2133 862 2434 960 lingulis
2468 864 2877 934 intervallis
2902 889 3165 937 eorum
3194 864 3641 948 arbusculae,
3691 885 3879 956 quae
3925 884 4179 956 graece

1064 1007 1515 1116 οἰμωξόποδες·
1538 1018 1908 1100 dicuntur,
1952 1014 2033 1082 in
2076 1003 2346 1106 quibus
2389 1008 2774 1081 versantur
2812 1029 3148 1082 rotarum
3178 1036 3348 1082 axes
3373 989 3697 1082 conclufi
3725 1001 4204 1076 laminis'fer»⁴
4287 1027 4296 1034 “

1060 1167 1225 1235 reis.
1324 1151 1619 1257 Eaeque
1672 1158 2096 1231 arbusculae
2138 1160 2241 1229 ita
2286 1154 2430 1226 fint
2478 1145 2945 1250 temperatae,
2994 1177 3083 1228 ut
3124 1151 3447 1228 habeant
3479 1155 3817 1242 ‚cardines
3871 1169 3947 1221 et
3975 1150 4181 1220 'fora-

1060 1314 1284 1396 mina,
1338 1333 1487 1404 quo
1543 1323 1788 1378 vectes
1836 1304 2128 1395 trajecti
2177 1302 2623 1379 versationes
2674 1327 2927 1375 earum
2976 1305 3394 1401 expediant,
3472 1302 3592 1370 uti
3618 1311 3814 1368 ante
3878 1291 3969 1367 et'
3993 1290 4182 1389 post,
4225 1320 4242 1335 ·

1060 1474 1138 1527 et
1185 1456 1279 1526 ad
1326 1455 1675 1525 dextrum
1727 1451 1853 1521 seu
1899 1445 2264 1522 sinistrum
2300 1450 2514 1532 latus,
2584 1441 2732 1517 five
2794 1449 3102 1545 oblique
3167 1450 3260 1520 ad
3291 1441 3631 1544 'angulos
3659 1437 3869 1538 ‘opus
3935 1439 4182 1524 suerit,

1059 1601 1154 1668 ad
1202 1600 1284 1668 id
1330 1615 1477 1691 per¹
1512 1598 1926 1667 arbusculas
1971 1591 2239 1664 versati
2300 1590 2651 1685 progredi
2703 1589 2988 1685 poffint.
3137 1587 3621 1667 collocentur
3685 1568 3939 1658 autem
3992 1581 4187 1668 insu-

1052 1767 1194 1837 per
1226 1736 1471 1810 ¹basim
1518 1743 1724 1832 tigna
1769 1738 1941 1824 duc,
1978 1738 2865 1831 ³in'uuarnque-partem
2905 1738 3232 1833 projecta
3281 1740 3502 1833 pedes
3524 1733 3792 1840 “senos,
3863 1739 4189 1824 quorum

1060 1887 1249 1956 circa
1311 1868 1763 1978 proiecturas
1824 1880 2154 1977 figantur
2196 1881 2448 1949 ‘altera
2510 1879 2840 1972 projecta
2906 1882 3059 1951 duo
3115 1884 3321 1977 tigna
3386 1899 3555 1953 ante
3617 1881 3901 1951 frontes
3961 1872 4184 1967 pedes

1058 2037 1223 2101 VII.
1273 1993 1489 2106 craffa
1539 2014 1617 2097 et
1666 2015 1834 2110 l'ata,
1874 2023 1989 2094 uti
2037 2019 2117 2092 in
2166 2019 2319 2092 basi
2359 2019 2528 2089 sunt
2582 2022 2865 2115 scripta.
2905 2043 2914 2050 ’
2978 2024 3288 2117 Insuper
3348 1980 4189 2114 hanc··‘compactioneni

1060 2173 1443 2267 erigantur
1486 2164 1722 2263 postes
1779 2162 2271 2274 compactiles,
2313 2180 2609 2257 praeter
2655 2165 2984 2236 cardines
3024 2161 3306 2261 pedum
3336 2173 3468 2241 IX.
3500 2161 3974 2238 oraffimdine
4006 2185 4208 2256 quo--

944 2281 947 2284 Δ
1054 2313 1465 2411 quoversus
1514 2312 2061 2408 palmipedales,
2108 2310 2503 2381 intervalla
2545 2311 2906 2388 habentes
2947 2312 3151 2380 inter
3178 2311 3250 2381 se
3281 2308 3760 2407 sesquipedis„
3805 2309 3980 2382 Eae·
4013 2328 4186 2374 con-

1057 2445 1456 2530 cludantur
1502 2457 1815 2551 superne
1863 2455 2063 2527 inter
2106 2453 2495 2525 cardinatis
2544 2451 2904 2526 trabibus.
3002 2459 3244 2549 Supra
3288 2455 3533 2525 trabes
3563 2453 4044 2524 *collocentur
4071 2472 4185 2518 ca-

1059 2603 1304 2697 preoli
1345 2600 1768 2674 cardinibus
1821 2600 2008 2669 alius
2030 2635 2031 2638 ¹
2054 2598 2134 2669 in
2181 2599 2418 2667 alium
2467 2594 2806 2686 conclufi,
2855 2602 2937 2669 in
2987 2599 3383 2671 altitudine
3433 2598 3734 2670 excitati
3784 2594 4009 2692 pedes
4054 2601 4177 2666 lx.

1059 2752 1294 2841 Supra
1344 2745 1723 2838 capreolos
1774 2743 2188 2812 collocetur
2235 2739 2684 2836 quadratum
2747 2743 3062 2834 tignum,
3141 2763 3291 2836 quo
3348 2742 3679 2836 capreoli
3740 2739 4178 2836 conjungan-

1056 2907 1204 2961 tur.
1313 2885 1498 2984 -Ipfi
1544 2904 1794 2959 autem
1832 2886 2195 2957 laterariis
2241 2886 2438 2955 circa
2482 2880 2655 2955 fixis
2701 2884 3245 2977 contineantur,
3344 2903 3838 2982 teganturque
3900 2884 4175 2976 tabulis

1056 3034 1381 3106 maxime
1429 3036 1736 3130 palmeis
1794 3033 1889 3125 ²),
1936 3026 1992 3103 fi
2039 3055 2212 3116 non,
2284 3052 2382 3099 ex
2422 3047 2661 3100 cetera
2710 3034 3040 3119 materia,
3122 3055 3307 3125 quae
3350 3034 3678 3103 maxime
3725 3031 3998 3101 habere
4042 3055 4172 3125 po-

1055 3176 1195 3250 test
1235 3180 1617 3263 virtutem,
1664 3194 1959 3269 praeter
1996 3177 2264 3266 pinum
2310 3190 2438 3240 aut
2487 3173 2763 3243 almun.
2864 3180 3071 3246 Haec
3119 3179 3326 3249 enim
3375 3176 3546 3245 sunt
3592 3145 3897 3271 fragilia,
3956 3192 4032 3244 et
4072 3174 4170 3246 saf-

1058 3324 1308 3396 ciliter
1352 3321 1729 3410 recipiunt
1776 3319 2046 3411 ignem.
2148 3317 2447 3385 Circum
2489 3302 2821 3385 tabulata
2871 3317 3338 3389 collocentur
3384 3338 3610 3391 crates
3667 3346 3774 3392 ex.
3820 3321 4172 3392 tenuibus

1054 3465 1283 3558 virgis
1330 3460 1779 3533 creberrime
1832 3458 2075 3542 textiS,
2135 3458 2611 3551 maximeque
2677 3461 3097 3532 recentibus
3159 3466 3534 3557 percrudis
3596 3468 3808 3539 coriis
3861 3466 4179 3560 duplici-

1053 3598 1193 3680 bus
1256 3596 1600 3690 consutiS,
1671 3603 1875 3713 fartis
1916 3603 2095 3695 alga,
2144 3620 2271 3671 aut
2319 3604 2551 3695 paleis
2601 3605 2679 3672 in
2730 3623 2934 3677 aceto
2980 3612 3392 3681 maceratis:
3417 3600 3636 3705 ‘’circa
3685 3627 3978 3699 tegatur
4017 3638 4176 3684 ma-

1053 3753 1273 3824 china
1320 3768 1497 3823 tota.
1544 3732 1567 3757 ⁵
1596 3724 1709 3819 Ita
1761 3748 1851 3819 ab
1901 3748 2016 3819 his
2059 3746 2492 3840 rejicientur
2531 3748 2786 3842 plagae
2837 3736 3280 3842 balistarum,
3361 3770 3435 3824 et
3482 3754 3801 3847 impetus
3839 3753 4177 3827 incendi-

1053 3873 1365 3995 orumss·
1446 3864 1451 3867 ι
1532 3976 1595 3995 ·.
2120 3902 2215 3911 ‘⁴
2919 3855 3000 3931 ,ἦ
3223 3915 3351 3947 sm,
3458 3924 3466 3937 ,
3563 3924 3594 3935 ,.
3707 3918 3834 3943 .,,

2314 4034 2658 4110 CAPUT·
2709 4038 2901 4111 XXI.

2173 4182 2291 4252 De
2336 4185 2504 4253 aliis
2567 4174 3055 4276 testudinibus.

1355 4294 1439 4322 *⁴*-

1054 4329 1214 4437 Est
1263 4382 1510 4435 autem
1561 4382 1637 4433 et
1685 4363 1891 4433 aliud
1938 4385 2165 4458 genus
2209 4357 2609 4446 testudinis,
2660 4363 2865 4456 quod
2912 4365 3198 4459 reliqua
3251 4366 3499 4436 om'nia
3551 4364 3778 4436 habet
3824 4365 4170 4460 quemad-

1056 4513 1366 4584 modum
1417 4533 1600 4603 quae
1648 4508 1860 4602 supra
1914 4506 2173 4599 scripta
2225 4506 2410 4592 sunt,
2463 4525 2756 4602 praeter
2805 4511 3216 4605 capreolos:
3265 4509 3388 4581 sed
3435 4510 3661 4581 habet
3704 4514 3887 4585 circa
3925 4512 4168 4606 plute-

1193 4690 1252 4756 2)
1323 4682 1467 4737 Cod.
1500 4701 1619 4736 mn.
1655 4696 1713 4735 et
1747 4678 1854 4732 Ed.
1891 4678 2053 4752 Sulp.
2097 4684 2321 4752 primis.
