4697 5919
1041 249 1183 297 220
1359 220 1371 250 ¹
1579 224 1698 291 M.
1742 221 2294 287 VITRUVII
2346 220 2428 284 P.
2495 219 2647 283 DE
2710 216 3633 284 ARCHITECTURA

1044 475 1157 526 tes
1200 454 1429 523 habet
1478 477 1776 536 novem,
1850 476 1962 520 eas
2016 447 2329 518 umbrae
2369 443 2544 514 'facit
2605 446 2774 516 octo
2838 445 2915 514 in
2976 442 3472 515 declinatione
3531 446 3750 533 coeli,
3812 474 3997 543 quae
4064 447 4163 519 est

1049 609 1344 684 Romae.
1443 605 1784 689 Itemque
1840 593 2134 666 Athenis
2188 617 2410 687 quam
2474 573 2784 684 magnae
2843 588 3012 658 sunt
3069 589 3462 682 gnomonis
3523 610 3770 684 partes
3823 614 4162 688 quatuor,

1042 746 1355 815 umbrae
1401 744 1569 813 sunt
1610 760 1783 813 tres,
1878 741 1993 810 Ad
2044 709 2325 831 septem
2379 734 2634 805 Rhodo
2684 737 3018 828 quinque
3070 733 3165 823 Ι),
3262 742 3366 805 At
3416 737 3716 806 Tarenti
3758 760 4030 808 novem
4070 738 4163 809 ad

1044 891 1415 960 undecim,
1506 885 2005 958 Alexandriae
2048 901 2194 952 tres
2237 881 2329 952 ad
2381 880 2753 975 quinque:
2849 877 3262 976 ceterisque
3328 882 3680 952 omnibus
3733 881 3918 953 Iocis
3979 883 4162 952 aliae

1041 1037 1194 1104 alio
1234 1035 1459 1104 modo
1507 1034 1823 1101 umbrae
1867 1053 2327 1124 gnomonum
2378 1028 2948 1121 aequinoctiales
3002 1021 3406 1106 ab'natura
3456 1049 3719 1098 rerum
3772 1028 4164 1098 inveniun-

1040 1197 1169 1249 tur
1208 1179 1631 1274 disparatae.
1729 1184 1991 1271 Itaque
2033 1173 2127 1245 in'
2164 1175 2736 1269 quibuscunque
2783 1175 2966 1242 locis
3014 1161 3408 1268 horologia
3456 1189 3679 1243 erunt
3749 1169 4162 1244 describen-

1039 1326 1155 1411 da,
1194 1351 1287 1397 eo
1330 1328 1487 1396 loci
1530 1322 1883 1412 sumenda
1932 1317 2033 1392 est
2069 1320 2624 1414 aequinoctialis
2671 1316 2958 1389 umbra.
2977 1317 3045 1405 ³³)
3109 1328 3204 1419 Et
3249 1315 3320 1404 ‚fi
3380 1333 3604 1388 erunt
3649 1317 4160 1412 (quemadmoa

1038 1471 1223 1540 dum
1263 1471 1583 1563 Romae)
1632 1468 2023 1564 gnomonis
2071 1483 2313 1561 partes¹
2362 1459 2660 1551 novem,
2705 1462 3022 1536 umbrae
3066 1481 3396 1551 octonae,
3456 1462 3913 1536 describatur
3964 1465 4161 1533 linea

1038 1613 1117 1682 in
1157 1615 1489 1709 planitia,-
1534 1632 1613 1682 et
1655 1638 1753 1682 ex
1790 1603 2037 1681 media
2080 1607 2247 1707 τρεῖς
2292 1606 2508 1708 ὀρθῶς
2549 1610 2902 1706 erigatur,
2947 1613 3058 1680 uti
3106 1607 3193 1678 fit
3242 1609 3336 1679 ad
3382 1633 3746 1696 normam,
3823 1634 4013 1702 quae
4053 1607 4164 1678 di-

1037 1760 1242 1828 citur
1275 1781 1646 1851 gnomon:
1709 1774 1786 1827 et
1831 1782 1872 1826 a
1911 1757 2111 1842 linea
2163 1779 2355 1849 quae
2401 1755 2546 1825 erit
2586 1743 2952 1848 planitieS,
3018 1756 3100 1824 in·
3159 1751 3394 1823 finem
3444 1752 3831 1848 gnomonis
3878 1753 4160 1821 circino

1036 1927 1313 1972 novem
1357 1902 1585 1997 spatia
1630 1903 2155 1991 dimetiantur;
2233 1917 2323 1993 et·
2362 1922 2518 1989 quo
2552 1897 2726 1966 loco
2770 1918 3012 1992 nonae
3059 1896 3289 1990 partis
3336 1895 3627 1991 lignum
3671 1894 3924 1988 fuerit,
3994 1920 4162 1964 cen-

1039 2064 1243 2116 trum
1292 2041 1803 2128 constituatur,
1849 2044 1985 2111 ubi
2028 2037 2175 2111 erit
2220 2041 2446 2108 litera
2492 2047 2603 2129 A;
2680 2055 2757 2106 et
2806 2035 3115 2106 diducto
3160 2039 3442 2107 circino
3494 2037 3589 2108 ab
3640 2065 3734 2109 eo
3781 2059 4033 2128 centro
4063 2039 4156 2110 ad

1040 2191 1317 2259 lineam
1360 2188 1736 2282 planitiae,
1776 2187 1914 2256 ubi
1964 2187 2110 2255 erit
2155 2188 2376 2256 litera
2415 2194 2502 2271 B,
2571 2180 2958 2253 circinatio
3005 2182 3273 2253 circuli
3304 2181 3780 2270 describatur,
3829 2207 4016 2279 quae
4047 2181 4156 2253 di·

1031 2337 1231 2404 citur
1274 2333 1704 2402 meridiana.
1848 2329 2139 2401 Deinde
2202 2354 2297 2400 ex
2359 2354 2633 2401 novem
2693 2327 3057 2423 partibuS,
3158 2351 3350 2424 quae
3404 2327 3574 2398 sunt
3623 2351 3662 2399 a
3707 2328 4014 2423 planitia
4063 2327 4156 2398 ad

923 2548 939 2559 ,
1032 2477 1421 2572 gnomonis
1456 2492 1827 2560 centrum,
1875 2493 2050 2545 octo
2083 2475 2495 2560 sumantur,
2554 2463 3068 2569 et‘lignentur'·
3094 2472 3180 2540 in
3226 2471 3430 2542 linea
3479 2498 3668 2568 quae
3716 2467 3817 2544 est
3866 2472 3948 2541 in
3977 2473 4154 2566 ‘pla-

1028 2623 1237 2706 nitia,
1327 2619 1466 2688 ubi
1505 2621 1651 2688 erit
1693 2621 1912 2688 litera
1953 2628 2031 2691 C.
2166 2626 2392 2689 .Haec
2456 2637 2707 2687 autem
2742 2620 2911 2718 verit
2949 2617 3344 2709 gnomonis
3391 2619 3949 2710 aequinoctialis
3992 2643 4147 2688 um-

1029 2767 1205 2857 bra3
1286 2781 1363 2834 et
1405 2761 1498 2834 ab
1545 2789 1639 2834 eo
1682 2760 1887 2860 ligno
1933 2781 2008 2835 et
2036 2765 2276 2846 ,litera
2322 2771 2404 2850 C,
2461 2785 2600 2856 per
2646 2777 2987 2832 centrum
3025 2729 3170 2830 'ubi
3213 2755 3315 2830 est
3351 2763 3570 2831 litera
3616 2770 3701 2848 A,
3755 2765 3951 2833 linea
3984 2789 4146 2858 per-

1027 2911 1364 2997 ducatur,
1450 2909 1585 2979 ubi
1650 2911 1793 2979 erit
1857 2912 2047 2982 Solis
2106 2910 2664 3006 aequinoctialis
2711 2907 2980 2976 radius.
3130 2909 3342 2977 Tunc
3389 2905 3484 2978 ab
3530 2926 3790 2979 centro
3843 2910 4139 2980 diducto

1026 3059 1310 3128 circino
1358 3053 1453 3124 ad
1480 3052 1768 3124 ‘lineam
1815 3058 2167 3147 planitiae
2219 3054 2696 3146 aequilatatio
2745 3049 3094 3146 lignetur,
3150 3052 3282 3121 ubi
3330 3052 3471 3123 erit
3520 3056 3736 3124 litera
3783 3062 3846 3126 E
3879 3048 4134 3124 finiste-

1020 3204 1227 3270 riore
1270 3216 1504 3290 parte,
1578 3214 1654 3264 et
1702 3204 1736 3265 I
1788 3195 2213 3267 dexteriore
2259 3199 2341 3265 in
2383 3196 2731 3265 extremis
2782 3195 2999 3264 lineis
3051 3195 3566 3283 circinationiS‚
3666 3215 3740 3270 et'
3786 3224 3923 3295 per·
3976 3224 4138 3269 cen-

1019 3362 1224 3414 trum
1272 3337 1739 3442 perducenda
1777 3340 1996 3425 linea,
2049 3328 2416 3435 ut'aequa
2466 3338 2618 3409 duo
2666 3339 3116 3429 hemicyclia.
3173 3338 3310 3411 fint
3379 3343 3625 3415 divisa.
3762 3352 3970 3416 Haec
4018 3368 4142 3415 au-

973 3474 1171 3566 stem
1219 3485 1417 3555 linea
1458 3509 1500 3553 a
1534 3483 2079 3553 mathematicis
2119 3483 2398 3555 dicitur
2435 3485 2777 3554 horizon.
2878 3484 3171 3555 Deinde
3220 3486 3707 3555 circinationis
3765 3490 3991 3557 totius
4025 3486 4142 3557 su-

930 3716 940 3732 Ἰ
1016 3631 1281 3705 menda
1325 3654 1493 3723 pars
1538 3625 1639 3697 'est
1702 3620 2263 3721 quintadecima,
2356 3650 2435 3702 et
2497 3630 2754 3723 circini
2816 3648 3157 3700 centrum
3220 3627 3731 3699 collocandum
3795 3631 3874 3698 in
3927 3632 4128 3701 linea

936 3774 939 3777 ¹
1006 3744 1533 3858 circinationiS,
1575 3797 1725 3865 quo
1772 3777 1920 3844 loci
1970 3777 2159 3849 secat
2208 3802 2370 3848 eam
2417 3779 2694 3846 lineam·
2737 3774 3287 3868 aequinoctialis
3337 3776 3975 3859 ra·dius,.ubi.e1fit
4035 3770 4129 3851 li·
4163 3863 4198 3879 ἢ

1008 3942 1165 3994 tera
1211 3916 1291 4005 F}
1346 3936 1421 3987 et
1461 3914 1891 4012 signandum
1940 3922 2205 3991 dextra
2267 3947 2348 3991 ac
2395 3919 2667 3990 finistra
2718 3924 2854 3990 ubi
2910 3921 3076 3995 sunt
3152 3924 3411 3991 literae
3464 3929 3547 4007 G,
3584 3926 3687 3991 H.>
3834 3923 4126 3994 Deinde

1010 4071 1103 4139 ab
1150 4068 1271 4134 his
1328 4082 1405 4133 et
1456 4087 1593 4157 per
1649 4068 2015 4151 centrunn
2108 4068 2352 4136 lineae
2409 4092 2643 4159 usque
2705 4069 2797 4136 ad
2856 4068 3134 4136 lineam
3171 4046 3550 4161 ‘planitiae
3610 4062 4121 4159 perducendae

1001 4213 1190 4295 sunt,
1235 4210 1369 4279 ubi
1423 4228 1641 4278 erunt
1690 4212 1950 4309 literae
2002 4219 2089 4298 T,
2143 4219 2255 4306 R3
2318 4213 2422 4281 ita
2470 4214 2612 4281 erit
2665 4216 2851 4283 Solis
2901 4212 3166 4297 radius,
3212 4236 3404 4282 unus
3467 4213 3854 4296 hibernus,
3921 4194 4112 4283 alter

1122 4476 1187 4584 7ι)
1255 4509 1401 4567 cod.
1436 4509 1629 4565 Guelf.
1669 4513 2007 4582 quindecim.
2373 4521 2427 4581 ⁶)
2494 4514 2700 4583 Forma
2735 4514 2836 4573 IV.
2891 4534 2944 4582 1,
2978 4526 3030 4568 2.
