4697 5919
1112 273 1259 335 226
1656 267 1769 333 M.
1819 215 2376 335 vrrauvn
2429 265 2711 334 Rani:
2753 263 3696 338 aachEcTUnA

1058 581 1070 592 ο
1113 497 1536 590 Capricorni
1587 499 1917 590 quotidie
1956 464 2937 591 'lingula'puncta·tangenS‚
3004 501 3095 568 ad
3147 499 3765 593 perpendiculum
3817 501 4128 582 habens
4161 524 4229 570 a·

1112 670 1296 738 quae
1351 644 1708 713 currentis
1760 646 2155 715 vehemens
2205 644 2515 736 ponduS,
2594 645 2937 712 celeriter
2982 669 3119 737 per
3179 646 3501 714 orbiculi
3549 645 3894 715 *soramen
3937 648 4036 715 ‘id
4108 673 4231 731 ex·
4323 717 4324 720 ,

1109 791 1344 859 trudit
1391 790 1483 858 ad
1524 815 1664 875 vaS,
1714 808 1881 861 tum
1921 793 2293 885 excipiens
2334 799 2500 859 eam'
2550 781 2934 881 (quoniam
2966 791 3172 858 brevi
3224 791 3454 883 spatio
3503 792 3886 885 impletur)
3920 795 4231 886 corripit

1111 920 1185 1006 et
1237 938 1606 1007 contrahit
1655 937 1947 1007 dierum
1992 939 2281 1007 minora
2314 917 2552 1028 ’spatia
2593 954 2668 1004 et
2714 937 3091 1005 horarmn.
3236 943 3431 1006 Cum
3488 957 3740 1017 autem
3799 939 4229 1034 quotidiana

1111 1071 1517 1154 versati—one
1575 1085 1886 1188 minoris
1953 1088 2070 1166 1¹)
2132 1084 2471 1176 tympani
2529 1073 2816 1175 lingula
2882 1081 3301 1177 ingreditur
3344 1084 3427 1152 in
3473 1085 3823 1177 Aquario,
3873 1145 3880 1150 .
3924 1083 4230 1154 discedit

1106 1193 1272 1299 tum
1322 1231 1656 1301 foramen
1696 1256 1735 1300 a
1796 1231 1912 1320 12)
1966 1230 2524 1325 perpendicu10,
2605 1246 2700 1296 et·
2741 1196 2980 1321 aquae·
3033 1232 3278 1298 minus
3343 1231 3770 1307 vehementi
3831 1230 4074 1325 cursu>
4114 1254 4230 1332 co·

1104 1380 1308 1472 gitur
1354 1340 1631 1482 tardius
1683 1379 2021 1448 emittere
2073 1371 2476 1447 salientem.
2500 1408 2526 1416 „
2573 1351 2716 1442 'Itass
2744 1400 2892 1467 quo
2943 1378 3188 1446 minus
3236 1377 3466 1446 celeri
3516 1377 3736 1459 cursu
3781 1400 3901 1446 vas
3945 1378 4228 1477 excipit

1106 1527 1391 1614 aquam,
1442 1525 1702 1592 dilatat
1752 1521 2400 1614 horarum‘spatia.
2549 1522 2856 1610 Aquarii
2925 1537 3105 1592 vero
3139 1523 3627 1617 .pisciumque
3693 1524 4015 1616 punctis,
4115 1522 4230 1592 uti

1105 1667 1450 1759 gradibus
1502 1664 1862 1751 scandens,
1916 1666 2236 1735 orbiculi
2281 1666 2616 1736 foramen
2665 1668 2745 1733 in
2793 1670 3047 1736 Ariete
3111 1668 3478 1761 tangendo
3539 1686 3869 1737 octavam
3922 1683 4227 1766 partem,

1106 1835 1333 1903 aquae
1400 1828 1805 1904 temperate
1859 1809 2145 1880 salienti
2213 1807 2524 1905 praestat
2588 1814 3158 1904 aequinoctiales
3214 1813 3450 1882 horas·
3598 1813 3713 1881 Ab
3785 1814 4035 1881 Ariete
4097 1837 4232 1904 per

1092 1959 1333 2027 'Tauri
1383 1975 1456 2026 et
1506 1958 1994 2026 Geminorum
2042 1957 2269 2046 spatia
2315 1956 2413 2023 ad
2452 1954 2730 2022 summa
2774 1957 3031 2023 Cancri
3080 1973 3374 2046 puncta,
3417 1956 3644 2047 partis
3695 1972 3990 2024 octavae
4046 1956 4231 2024 fora-

1101 2126 1276 2171 men
1326 2097 1453 2168 seu
1502 2115 1945 2191 tympanum
1994 2095 2536 2175 versationibus
2584 2101 2959 2190 peragens,
3003 2114 3079 2165 et
3126 2098 3206 2164 in
3255 2098 3735 2184 altitudinem
3778 2125 3873 2168 eo
3917 2101 4228 2187 rediens,

1105 2247 1389 2314 viribus
1439 2259 1907 2326 extenuatur,
1959 2259 2035 2310 et
2084 2244 2186 2309 ita
2228 2243 2509 2311 tardius
2560 2235 2872 2313 fluendo¹
2920 2241 3181 2310 dilatat
3223 2244 3580 2312 morando
3643 2243 3885 2336 spatia,
3946 2263 4020 2312 et
4081 2242 4231 2314 effi-

1100 2395 1209 2490 cit
1255 2392 1472 2459 horas
1522 2390 1601 2456 in
1652 2388 1909 2455 Cancri
1957 2382 2158 2479 ligno
2201 2382 2630 2458 solstitiales.
2733 2393 2798 2457 A
2849 2394 3127 2456 Cancro
3180 2411 3352 2457 cum
3402 2389 3771 2490 proclinat
3819 2405 3895 2456 et
3941 2392 4231 2484 peragit

1105 2559 1240 2631 per
1290 2542 1625 2604 Leonem
1676 2547 1754 2599 et
1797 2530 2205 2623 Virginem,
2255 2530 2354 2600 ad'
2396 2531 2671 2601 Librae
2726 2533 2952 2648 partis
2997 2549 3295 2600 octavae
3338 2507 3612 2624 puncta
3662 2533 4101 2603 revertendo
4154 2554 4228 2605 et

1108 2679 1470 2776 gradatim
1520 2674 1991 2768 corripiendo
2042 2674 2287 2766 spatia,
2331 2656 2708 2743 contrahit
2749 2677 2987 2760 horas,
3029 2681 3131 2742 'et
3180 2678 3281 2743 ita
3334 2679 3770 2767 perveniens
3822 2664 3931 2746 ad‘
3960 2698 4223 2773 puncta

1103 2827 1399 2910 Librae,
1449 2820 2021 2914 aequinoctiales
2066 2819 2322 2890 rursus
2369 2812 2617 2889 reddit
2653 2820 2893 2888 horas,
2995 2825 3138 2889 Per
3181 2823 3598 2913 Scorpionis
3663 2847 3838 2891 vero
3889 2823 4110 2918 spatia
4152 2845 4224 2897 et

1105 2970 1496 3066 Sagittarii,
1546 2968 1951 3062 proclivius
1998 2967 2421 3061 deprimens
2472 2964 2615 3034 sese
2667 2965 3002 3037 foramen
3051 2966 3494 3059 rediensque
3545 2971 4105 3041 circumactione
4130 2973 4223 3043 ad

1107 3115 1532 3208 Capricorni
1581 3126 1868 3203 partem
1935 3127 2286 3192 octavam,
2391 3104 2807 3175 restituitur
2872 3110 3250 3177 celeritate
3321 3111 3643 3185 salientis
3701 3116 3792 3184 ad
3854 3118 4217 3187 brumales

1067 3262 1460 3328 'horarum
1501 3253 1925 3321 brevitates.
2032 3258 2233 3344 Quae
2276 3249 2450 3318 sunt
2496 3252 2574 3318 in
2621 3252 3192 3346 horologiorum
3242 3244 3853 3352 descriptionibus
3905 3264 4220 3334 rationes

1108 3421 1183 3473 et
1231 3417 1669 3495 apparatus„
1718 3395 1849 3479 ¹uti
1897 3390 2038 3463 sint
2086 3394 2179 3464 ad
2229 3393 2446 3463 usum
2494 3395 3010 3488 expeditioreS,
3111 3423 3337 3491 quam
3385 3402 3736 3496 aptiffime
3795 3411 4005 3498 pomi
4060 3435 4223 3501 per·

1103 3545 1363 3641 scripfi.
1466 3537 1714 3615 Restat
1752 3564 1950 3609 nunc
2001 3539 2095 3610 de
2143 3540 2841 3625 machinationibtis,
2906 3559 2980 3610 et
3050 3542 3141 3612 de
3195 3569 3444 3613 earum
3508 3551 3887 3640 principiis
3926 3555 4227 3624 ratioci-

994 3736 1009 3754 Ι
1102 3695 1286 3765 nari.
1388 3699 1646 3781 Itaque
1699 3685 1791 3754 de
1835 3685 1972 3770 his,
2052 3703 2139 3754 ut
2190 3708 2455 3780 corpus
2499 3686 2972 3759 emendatum
3020 3690 3545 3761 architecturae
3595 3689 4046 3785 perficiatur,
4138 3698 4224 3768 in

1105 3837 1441 3934 sequenti
1489 3834 1873 3903 volumine
1922 3832 2274 3925 incipiam
2321 3831 2661 3904 scribere.

1224 4065 1333 4135 .n)
1399 4062 1491 4117 Sic
1526 4059 1669 4115 cod.
1703 4059 1868 4113 Fran.
1910 4076 2017 4133 pro
2056 4060 2305 4128 majoris.

1245 4218 1331 4284 12)
1400 4211 1497 4265 Sic
1531 4229 1661 4264 cum
1699 4207 2038 4274 Philandro,
2075 4226 2182 4281 pro
2220 4224 2413 4263 cuncta
2450 4208 2774 4283 descendunt
2797 4208 3099 4282 foramina
3136 4240 3202 4256 -
3237 4232 3441 4288 aquam
3477 4214 3802 4268 vehementi.
