4697 5919
1308 317 1317 332 .
1405 265 1964 336 manant.
2068 257 2443 332 CAPUT
2515 224 2574 332 i.
2626 233 2920 352 (1‘v.):
3103 277 3112 282 ·
3557 288 3690 336 ω

550 500 803 572 fervor
852 496 1486 595 quemadmodum
1534 520 1800 570 omnes
1823 523 1938 570 res
1986 513 2263 584 evocat,
2311 516 2388 570 et
2437 496 2530 568 ad
2579 495 2653 567 se
2697 496 2923 568 ducit,
2955 496 3081 591 <ut
3112 499 3358 570 ’etiam
3404 481 3740 574 fructur

548 671 643 720 ex
694 665 892 718 terra
934 647 1311 742 surgentes
1357 647 1441 714 in
1491 615 1975 714 altitudinem
2017 669 2152 738 per
2204 646 2528 716 calorem
2568 643 2928 730 videmuS,
2977 669 3132 714 non
3169 649 3423 718 minus
3505 639 3692 744 aqua

532 817 855 888 -vapores
906 818 946 863 a
994 790 1326 864 fontibus
1370 791 1464 861 ad
1509 791 1746 861 nubes
1803 815 1939 884 per
1984 809 2193 861 arcus
2243 792 2578 884 excitari)
2644 791 2906 863 eadem
2970 793 3256 863 ratione
3319 792 3489 864 solis
3552 797 3688 868 im-

550 956 767 1033 petus
816 940 1229 1009 vehemens
1262 937 1491 1009 radiis
1532 939 1813 1033 trigoni
1855 937 2100 1009 forma
2148 954 2568 1032 porrectuS,
2633 937 3097 1036 insequentes
3163 933 3403 1010 stellas
3467 940 3560 1011 ad
3614 939 3692 1012 se

546 1085 911 1180 perducit,
960 1104 1038 1156 et
1089 1103 1256 1156 ante
1326 1102 1702 1156 currentes
1764 1084 2006 1153 veluti
2072 1082 2519 1154 refrenando
2579 1084 3126 1177 retinendoque
3173 1052 3352 1155 ’non'
3407 1089 3689 1180 patitur

543 1227 925 1328 progredi,
976 1229 1099 1300 sed
1148 1230 1240 1301 ad
1276 1228 1362 1300 se
1413 1231 1615 1326 cogit
1660 1231 1977 1327 regredi,
2020 1246 2115 1318 et
2143 1232 2226 1301 in
2265 1233 2577 1302 alterius
2611 1231 2893 1326 trigoni
2937 1228 3230 1326 signum
3272 1225 3432 1301 effe.
3517 1240 3685 1303 For-

546 1375 720 1450 tass'e
772 1376 1329 1464 desiderabitur,
1366 1378 1559 1473 quid
1605 1380 1709 1448 ita
1733 1375 1891 1448 sol
1885 1371 2210 1471 quinto·
2200 1376 2368 1448 ·ase·
2394 1375 2598 1473 [igno
2630 1378 2894 1471 potius
2925 1401 3156 1496 quam
3190 1376 3511 1450 secundo
3551 1398 3680 1450 aut

543 1527 808 1611 tertio,
890 1548 1077 1619 quae
1142 1523 1310 1594 sunt
1376 1526 1768 1620 propiora,
1837 1521 2054 1594 faciat
2105 1524 2223 1593 in
2259 1525 2375 1595 his
2441 1523 2865 1593 fervoribus
2915 1522 3416 1596 retentiones²
3509 1546 3680 1626 ego

541 1671 1173 1767 quemadmodum
1216 1671 1305 1740 id
1343 1668 1525 1741 fieri
1559 1671 1929 1758 videatur,
1969 1694 2360 1765 exponam.
2462 1666 2636 1758 Ejus
2676 1666 2930 1737 radii
2907 1691 2989 1735 ιιι
3033 1667 3338 1755 ιιιιιιιᾶο,
3389 1669 3503 1741 uti
3548 1672 3688 1770 tri,

539 1819 717 1914 goni
766 1817 1069 1911 paribus
1118 1817 1482 1887 lateribus
1528 1816 1808 1900 forma,
1844 1789 2394 1884 lineationibus
2454 1812 2996 1883 extenduntur:
3099 1811 3188 1882 Id
3239 1831 3490 1886 autem
3538 1842 3678 1889 nec
3775 1809 3780 1812 ’

540 1964 713 2055 plus
759 1984 898 2049 nec
946 1961 1193 2029 minus
1244 1956 1345 2029 est
1385 1961 1476 2030 ad
1528 1962 1879 2052 quintum
1919 1959 2013 2025 ab
2066 1982 2155 2028 eo
2206 1954 2430 2049 signo,
2568 1957 2810 2048 Igitur
2855 1952 2910 2024 s1
2955 1956 3144 2026 radii
3190 1981 3326 2050 per
3375 1985 3676 2034 omnem

543 2105 916 2176 mundum
956 2099 1094 2173 fusi
1141 2101 1744 2172 circinationibus
1792 2117 2257 2195 vagarentur,
2304 2122 2550 2193 neque
2600 2099 3157 2169 extentionibus
3212 2108 3535 2193 porrecti
3583 2109 3676 2180 ad

542 2250 824 2345 trigoni
868 2246 1206 2317 formam
1232 2247 1717 2329 linearentur,
1766 2247 2115 2337 propiora
2155 2244 2572 2339 flagrarent.
2672 2244 2761 2316 Id
2809 2260 3061 2314 autem
3108 2241 3332 2317 etiam
3376 2257 3674 2349 Euripi-

541 2396 661 2468 des
716 2397 1166 2466 Graecorum
1218 2408 1433 2486 poeta
1487 2384 2076 2459 animadvertisse
2120 2389 2459 2480 videtur-3
2512 2390 2613 2459 ait
2666 2389 2902 2460 enim.
3002 2397 3205 2486 Quae
3268 2394 3563 2492 longius
3630 2428 3671 2471 a

540 2544 690 2617 sole
741 2535 990 2626 effent,
1039 2539 1230 2607 haec
1270 2536 1785 2606 vehementius
1836 2534 2115 2620 ardere,
2179 2535 2532 2629 propiora
2597 2559 2777 2604 vero
2839 2553 3387 2632 contemperata
3445 2544 3670 2617 habe-

537 2714 659 2766 re:
724 2689 975 2779 itaque
1023 2680 1281 2751 scribit
1327 2682 1407 2748 in
1458 2680 1708 2748 fabula
1730 2677 2174 2747 Phaethonte
2217 2674 2331 2763 fic,
2379 2679 2545 2748 καίει
2574 2674 2672 2747 τοι)
2704 2675 2947 2776 πός’ῥω,
2979 2669 3128 2751 τάδ’
3151 2679 3362 2774 ἐγγιῖς
3395 2677 3639 2784 ε’ὕιὶξατ

539 2840 698 2928 ἔχει.
794 2831 875 2902 Si
917 2850 1096 2922 ergo
1143 2850 1257 2895 res
1308 2841 1384 2893 et
1425 2824 1615 2893 ratio
1668 2840 1746 2892 et
1792 2818 2299 2892 testimonium
2336 2838 2599 2915 poetae
2647 2822 2917 2893 veteris
2965 2823 3046 2894 id
3098 2819 3448 2917 ostendit,
3511 2859 3663 2906 non

539 2984 727 3081 puto
771 2979 988 3048 aliter
1034 2988 1379 3066 oportere
1418 2969 1754 3061 judicari,
1803 2940 1940 3038 nisi
1991 2967 2624 3062 quemadmodum
2672 2967 2764 3038 de
2816 2991 2899 3037 ea
2937 2994 3018 3038 re
3061 2969 3273 3065 supra
3311 2974 3665 3069 scriptum

536 3130 917 3200 habemus.
1031 3121 1226 3191 Iovis
1277 3133 1527 3186 autern
1590 3116 1794 3185 inter
1856 3115 2135 3184 Martis
2197 3130 2272 3181 et
2338 3115 2645 3182 Saturni
2707 3116 3292 3187 circinationem*
3321 3144 3659 3212 currens,

540 3277 901 3362 majorem
947 3269 1174 3358 quam
1216 3263 1471 3344 Mars,
1520 3260 1889 3328 minorem
1949 3280 2173 3349 quam
2225 3262 2587 3327 Saturnus
2637 3259 2981 3352 pervolat
3023 3260 3339 3333 cursum.
3465 3276 3660 3344 Item

541 3415 875 3510 reliquae
919 3406 1191 3492 stenae·
1244 3427 1392 3498 quo
1438 3400 1717 3493 majore
1769 3398 2045 3481 absunt
2080 3396 2312 3492 spatio
2354 3399 2448 3467 ab
2497 3416 2833 3468 extremo
2891 3404 3139 3489 coelo,
3215 3413 3662 3498 proximam.

540 3589 685 3660 qne
734 3560 1037 3630 habent.-
1070 3571 1312 3623 terrae
1342 3547 1919 3628 circinationem,
1954 3544 2285 3621 ,celerius
2316 3566 2754 3636 percurrere
2780 3543 3171 3639 videntur3
3213 3553 3417 3644 quod
3444 3579 3660 3648 quae.

540 3730 835 3799 cunque
888 3723 1144 3772 earum
1195 3698 1567 3767 minorem
1606 3689 2163 3765 circinationem
2209 3712 2584 3786 peragenS,
2625 3688 2905 3785 saepius
2927 3689 3266 3780 .subiens,
3308 3706 3659 3790 praeterit

542 3820 1014 3949 stiperiorem.
1072 3839 1776 3940 “queamdmodum
1802 3833 1859 3907 fi
1884 3837 1979 3906 in
2017 3854 2200 3923 rota,
2229 3860 2387 3931 qua
2425 3832 2653 3932 ¹figuli
2700 3853 3037 3925 utuntur,
3081 3838 3460 3935 impositae
3505 3846 3662 3921 fue-

542 3971 1024 4089 1·int'⁴,septem
1048 3987 1437 4072 -formicae,
1489 3986 1923 4078 canalesque
1972 3983 2288 4053 totidem
2346 3985 2428 4053 in
2487 4000 2650 4088 rota
2714 3981 2889 4054 facti
2947 3980 3087 4055 fint
3147 3988 3430 4063 circum
3490 4017 3659 4066 cen.

468 4138 490 4153 ¹
540 4166 746 4217 trum
794 4145 873 4211 in
926 4139 1133 4222 imo,
1210 4131 1687 4205 accrescentes
1739 4128 1832 4198 ad
1883 4145 2334 4214 extremum,
2384 4130 2465 4198 in
2527 4128 2799 4224 quibus
2853 4131 2993 4200 hae
3054 4153 3410 4228 cogantur
3453 4140 3661 4213 circi-

542 4292 923 4362 nationem
964 4241 1221 4365 facere,
1263 4277 1741 4369 verseturque
1792 4292 1954 4345 rota
1994 4276 2072 4343 in
2121 4276 2430 4345 alteram
2476 4293 2786 4369 partem,
2829 4272 3107 4349 necess'e
3148 4283 3292 4350 erit
3335 4307 3448 4354 eas
3487 4310 3660 4356 con-

543 4457 655 4509 tra
705 4449 922 4503 rotae,
956 4426 1447 4498 versationem
1497 4421 1693 4491 nihil
1738 4421 1983 4490 minus
2026 4418 2368 4491 adversus
2411 4416 2676 4490 itinera
2718 4420 3097 4515 perficere,
3148 4444 3223 4496 et
3266 4451 3449 4520 quae
3489 4455 3656 4524 pro-

540 4582 836 4661 ximum
881 4591 1226 4646 centrum
1271 4568 1622 4669 habuerit
1668 4566 1981 4638 celerius
2044 4568 2465 4663 pervagari,
2520 4591 2864 4663 ,quaeque
2919 4586 3340 4643 extremum
3397 4577 3657 4650 orbem

729 4731 956 4793 Vtra.
1001 4726 1208 4791 Τοινι.
1250 4724 1346 4789 11.
2408 4764 2414 4771 .
3266 4738 3359 4805 27
