4697 5919
1065 285 1205 335 210
1610 257 1723 327 M.
1774 256 2328 328 VITRUVII
2392 257 2469 323 P.
2555 257 2704 322 DE
2756 255 3682 328 ARCHITECTURA

984 488 998 496 ’
1064 498 1216 565 dies
1262 493 1339 580 in
1388 486 1686 581 singulis
1714 485 1944 590 *signis
1993 488 2305 581 patitur,
2375 508 2547 554 cum
2597 479 2978 556 stationem
3029 486 3320 571 fecerit,
3385 484 3705 557 restituit
3771 513 3934 562 eam
3993 486 4184 559 siuna-
4225 555 4228 560 ,

1057 665 1258 713 marn
1305 636 1601 706 numeri
1644 636 1726 702 in
1779 628 2194 726 unofflgno
2259 647 2561 700 morata.
2686 639 2882 726 Ergo
2940 649 3178 701 totam
3241 635 3761 703 circuitionem
3819 636 3900 703 in
3966 635 4180 704 coelo

1060 776 1773 881 quadringentesimo
1827 797 1906 848 et
1951 772 2392 872 octogesimo
2436 792 2511 845 et
2561 775 2825 867 q'uinto
2872 775 2992 844 die
3070 776 3490 869 permensa,
3588 779 3867 847 iterum
3936 780 4016 847 in
4103 778 4185 848 id

1056 928 1347 1028 signum
1392 925 1607 1010 redit,
1656 950 1753 994 ex
1801 949 1950 1019 quo
1999 920 2200 1018 signo
2248 922 2454 1014 prius
2502 922 2648 989 iter
2696 920 2932 991 facere
2975 924 3242 1015 coepit.
3344 925 3642 993 DIartis.
3666 948 3850 994 vero
3892 923 4184 994 circiter

1056 1068 1575 1149 sexcentesimo
1651 1067 2091 1166 octogesimo
2163 1068 2388 1142 tertio
2453 1065 2573 1140 die
2635 1062 2956 1141 fiderum
3033 1067 3255 1168 spatia
3309 1070 3781 1165 pervagando
3835 1068 4182 1163 pervenit

1058 1248 1181 1308 e0,
1231 1245 1327 1289 ex
1376 1241 1526 1312 quo
1576 1217 1882 1286 initium
1928 1215 2261 1286 faciendo
2311 1210 2609 1302 cursum
2650 1213 2919 1292 fecerat
2967 1231 3196 1285 antee·
3240 1232 3315 1284 et
3361 1217 3443 1289 in
3491 1216 3763 1310 quibus
3803 1211 4019 1309 signis
4068 1237 4182 1283 ce·

1048 1368 1282 1438 lerius
1342 1363 1718 1458 percurrit
1782 1386 1954 1433 cum
2015 1357 2405 1433 stationem
2473 1358 2686 1449 fecit,
2744 1363 3004 1456 explet
3052 1360 3366 1432 ‚dierum
3423 1362 3723 1432 numeri
3786 1361 4175 1429 rationem.

1047 1514 1243 1581 Iovis
1303 1526 1554 1579 autem
1610 1507 2145 1601 placidioribus
2200 1505 2550 1600 gradibus
2610 1504 2956 1578 scandens
3017 1526 3273 1578 contra
3325 1507 3591 1579 mundi
3655 1503 4180 1589 versationem5

1047 1653 1347 1725 circiter
1409 1651 1749 1721 tricentis
1802 1649 2176 1745 sexaginta
2238 1652 2574 1746 quinque
2629 1652 2701 1743 ⁵)
2775 1651 3039 1723 diebus
3103 1650 3384 1747 singula
3438 1617 3633 1746 signa
3695 1652 4178 1745 permetitur,

1049 1817 1128 1870 et
1172 1791 1489 1869 consistit
1528 1819 1664 1889 per
1706 1818 1934 1865 annos
1984 1796 2336 1866 undecim
2377 1814 2455 1865 et
2499 1787 2652 1867 dies
2691 1803 3059 1867 trecentos
3100 1797 3472 1891 sexaginta
3517 1813 3667 1866 tres
3711 1791 3813 1886 ⁶),
3864 1812 3940 1874 et
3981 1794 4179 1863 redit

1046 1948 1129 2013 in
1178 1943 1259 2014 id
1304 1938 1610 2035 signum,
1656 1939 1747 2048 inx
1786 1963 1936 2030 quo
1979 1956 2148 2007 ante
2200 1940 2604 2008 duodecim
2655 1963 2879 2008 annos
2923 1940 3185 2009 suerat.
3317 1941 3623 2009 Saturni
3679 1962 3864 2008 vero
3920 1934 4176 2008 menfi-

1042 2089 1183 2159 bus
1247 2081 1760 2176 undetriginta
1822 2096 1902 2150 et
1957 2079 2276 2173 amplius
2319 2080 2568 2174 paucis
2613 2079 2876 2151 diebus
2935 2081 3340 2176 pervadens
3397 2105 3533 2177 per
3596 2079 3780 2179 signi
3840 2081 4175 2179 spatium,

1044 2255 1240 2302 anno
1286 2250 1489 2298 nono
1539 2241 1619 2293 et
1665 2220 2018 2318 vigesimo
2066 2225 2364 2296 circiter
2411 2203 2701 2296 diebus'
2723 2250 2866 2297 czx
2885 2281 2905 2313 ,
2954 2228 3036 2296 in
3084 2250 3234 2320 quo
3283 2244 3453 2296 ante
3506 2223 3868 2298 tricesimo
3929 2226 4177 2297 suerat

1043 2401 1238 2447 anno
1294 2376 1377 2443 in
1425 2369 1504 2439 id
1543 2364 1977 2456 restituitur,
2044 2393 2141 2439 ex
2203 2393 2442 2463 eoque
2500 2394 2652 2464 quo
2715 2369 2963 2441 minus
3028 2372 3144 2442 ab·
3183 2389 3523 2442 extremo
3583 2365 3796 2441 distat
3850 2368 4174 2456 mundo‚'

1042 2503 1256 2591 tanto
1303 2512 1669 2603 majorem
1715 2511 2274 2584 circinationem
2319 2495 2526 2586 rotae
2569 2514 3094 2610 percurrendo,
3138 2513 3418 2587 tardior
3462 2516 3765 2587 videtur
3807 2508 3918 2584 ess'
3908 2539 3969 2584 e.
4059 2515 4169 2587 Hi

1040 2682 1297 2736 autem
1318 2674 1323 2680 ’
1345 2659 1478 2753 qui
1525 2656 1740 2750 supra
1785 2631 1956 2727 solis
2005 2658 2155 2727 iter
2204 2659 2716 2728 circinationes
2763 2676 3162 2753 peragunt,
3223 2661 3551 2731 maxime
3601 2685 3774 2731 cum
3819 2662 3902 2731 in
3943 2664 4166 2758 trigo-

1040 2834 1142 2880 no
1196 2804 1493 2888 fuerint,
1535 2800 1740 2897 quod
1785 2802 1847 2872 is
1888 2800 2164 2888 inierit,
2203 2818 2372 2873 tum
2410 2826 2564 2906 non
2600 2805 3204 2899 progrediuntur,
3244 2802 3372 2875 sed
3413 2801 3774 2901 regressus
3822 2807 4163 2880 facientes

1038 2949 1446 3036 morantur,
1488 2948 1843 3019 donicum
1895 2943 2100 3019 idem
2148 2946 2259 3019 sol
2306 2947 2402 3020 de
2452 2974 2541 3020 eo
2592 2932 2891 3044 trigon'o
2939 2951 3022 3021 in
3078 2950 3283 3021 aliud
3328 2946 3617 3046 signum
3662 2952 4161 3028 transitionem

1039 3094 1322 3172 fecerit.
1402 3093 1511 3202 ⁸Id
1563 3108 1816 3162 autem
1870 3089 2255 3163 nonnullis
2312 3089 2409 3162 fic
2445 3089 2617 3163 fieri
2649 3094 2928 3187 placet:
2980 3094 3184 3188 quod
3222 3094 3453 3186 ajunt,
3503 3098 3735 3172 solem
3782 3126 3950 3173 cum
3994 3103 4155 3172 lon-

1034 3246 1200 3339 gius
1228 3234 1431 3307 absit
1478 3229 1831 3313 abstantia
1880 3233 2235 3325 quadam,r
2262 3258 2417 3304 non
2461 3237 2728 3307 lucidis
2781 3238 3178 3311 itineribus
3230 3244 3550 3315 errantia
3609 3271 3745 3340 per
3791 3273 3882 3320 ea
3927 3246 4155 3320 sidera

1034 3381 1437 3456 obscuratis
1494 3376 2036 3449 morationibus
2098 3340 2472 3470 impediri.
2622 3381 2864 3453 Nobis
2919 3408 3102 3455 vero
3141 3386 3238 3475 ‚id
3299 3412 3454 3459 non
3507 3390 3827 3463 videtur.
3976 3395 4160 3468 Solis

1034 3529 1240 3599 enim
1310 3522 1660 3619 splendor
1718 3519 2208 3616 perspicibilis
2270 3538 2346 3594 et
2404 3540 2678 3623 patens*
2715 3523 2865 3598 fine
2923 3530 3101 3601 ullis
3167 3531 3794 3607 obscurationibus
3853 3536 3964 3608 est
4016 3542 4158 3632 p‘er
4206 3510 4210 3514 .

1029 3679 1362 3776 omnem!
1381 3665 1770 3752 mundum,
1808 3682 1898 3735 ut
1944 3666 2170 3739 etiam
2209 3668 2427 3745 nobis
2474 3688 2775 3764 apparet
2824 3682 2997 3744 cum
3056 3674 3332 3748 faciunt
3386 3703 3511 3751 eae
3562 3675 3811 3753 stellae
3876 3684 4154 3779 regres-

1027 3820 1144 3891 sus
1186 3834 1263 3887 et
1298 3812 1767 3885 morationes.
1867 3819 2064 3915 Ergo
2111 3808 2169 3882 fi
2208 3815 2430 3893 tantis
2477 3811 2900 3891 intervallis
2934 3816 3176 3894 nostra
3222 3822 3491 3920 species
3555 3823 3794 3921 potest
3859 3829 3941 3899 id
4002 3831 4152 3900 ani-

962 3996 965 3999 1
1026 3961 1526 4042 madvertere,
1604 3957 1784 4050 quid
1846 3958 1949 4027 ita
2013 3957 2528 4030 divinitatibus
2595 3960 3257 4065 splendoribusque
3321 3965 3681 4044 astrorum
3740 3974 4150 4065 judicamus

1005 4106 1503 4206 ,obscuritates
1579 4100 1840 4196 objici*
1859 4097 2111 4197 posse?
2224 4109 2422 4199 Ergo
2483 4108 2729 4199 potius
2796 4135 2880 4184 ea
2931 4116 3121 4187 ratio
3184 4118 3402 4191 nobis
3464 4115 3850 4208 constabit,
3939 4122 4147 4215 quod

1163 4403 1231 4466 5)
1302 4396 1447 4453 cod.
1484 4394 1677 4451 Guelf.
1713 4413 1918 4450 cccxc.

2076 4494 2106 4518 λ

1166 4549 1232 4616 6)
1304 4545 1448 4602 cod.
1483 4543 1680 4599 Guelf.
1717 4563 2023 4600 cccxxnt.
