4697 5919
1073 341 1165 421 66
1569 332 1682 399 M.
1740 324 2297 411 VITRJJVII
2365 322 2444 386 P.
2523 324 2672 389 DE
2747 322 3698 388 ARCHITECTURA.

1077 580 1367 659 praeter
1421 557 1755 627 mediana
1799 553 2283 624 modulorum
2334 551 2670 623 duorunr
2697 566 2773 621 et
2822 552 3117 652 moduli
3161 568 3490 645 quartae·
3527 552 3791 659 partisj
3858 553 4198 655 mediana

1075 714 1156 783 in
1206 709 1448 779 fronte
1491 723 1566 775 et
1607 698 1905 797 postiCO,
1965 696 2600 795 singu-'laternum
2647 697 3156 767 modulorum.
3300 697 4200 793 Ipsarmn'colunmarum

1084 854 1402 928 altitudo
1441 854 1585 922 erit
1630 849 2116 919 niodulortma
2165 862 2335 915 octo
2387 862 2465 916 et
2515 844 2867 915 dimidiae
2916 844 3212 916 moduli
3251 846 3501 941 partis.
3643 854 3764 951 Ita·
3819 874 3914 918 ex
3962 874 4044 918 ea
4094 848 4210 917 di·-

1077 1000 1352 1075 vifione
1407 999 1976 1069 intercolumnia
2025 994 2608 1095 altitudinesque
2658 993 3177 1095 columnarum
3223 994 3614 1065 habebunt
3671 991 3933 1086 justam
3981 996 4202 1071 ratio-

1070 1175 1264 1220 nem.
1364 1143 1614 1236 Hujus
1663 1146 2045 1240 exemplar
2090 1151 2374 1216 Romae
2423 1140 2730 1210 nullum
2774 1141 3177 1235 habemus;
3258 1141 3384 1225 sed
3429 1145 3508 1212 in
3556 1138 3738 1221 Afia,
3770 1149 3938 1220 Teo
3957 1143 4201 1221 „hexa-

1072 1293 1317 1387 stylon
1370 1294 1448 1384 ⁶)
1508 1296 1770 1366 Liberi
1835 1294 2084 1388 patris.
2194 1299 2329 1363 Eas
2394 1304 2648 1360 autem
2699 1287 3160 1387 symmetrias
3234 1285 3614 1389 constituit
3667 1295 4200 1383 Hermogenes,

1070 1444 1202 1537 qui
1251 1443 1476 1512 etiam
1522 1445 1802 1536 primus
1854 1438 2300 1532 octastylum
2326 1436 2987 1534 Pseudodipterive
3017 1440 3386 1511 rationem
3431 1406 3745 1519 invenit.
3807 1443 3925 1514 Ex
3940 1435 4204 1527 Dipte-

1068 1590 1135 1656 ri
1184 1591 1387 1658 enim
1424 1589 1621 1660 aedis
1673 1589 2100 1681 symmetria
2140 1583 2433 1658 sustulit
2476 1588 2866 1675 interiores
2916 1588 3212 1661 ordines
3237 1589 3758 1667 columnarum
3806 1587 4203 1661 XXXVIII

1070 1757 1301 1825 eaque
1346 1735 1637 1805 ratione
1686 1732 2017 1828 sumptus
2064 1734 2460 1829 operisque
2500 1734 2939 1829 compendia
2983 1734 3182 1809 fecit.
3275 1737 3359 1846 Js
3414 1736 3496 1803 in
3556 1732 3809 1807 medio
3872 1730 4202 1801 ambula·

1070 1879 1265 1948 tioni
1305 1880 1821 1951 laxamentum
1869 1884 2163 1977 egregie
2210 1885 2402 1985 circa
2451 1884 2720 1961 cellam
2765 1883 3000 1970 fecit„
3043 1882 3136 1954 de
3195 1882 3654 1977 aspectuque
3700 1878 3900 1950 nihil
3958 1876 4208 1947 inuni-

970 2078 988 2094 .
1069 2026 1257 2110 nuit,
1300 2025 1425 2095 sed
1469 2023 1617 2096 fine
1669 2024 2027 2099 desiderio
2073 2026 2705 2122 supervacuorum
2749 2029 3224 2127 conservavit,
3259 2031 3778 2105 auctoritatem
3836 2026 4067 2096 totius
4124 2047 4202 2093 o·

1065 2171 1261 2262 peris
1308 2167 1850 2243 distributione.
1996 2173 2460 2240 Pteromatos
2522 2171 2727 2273 enim
2771 2172 2965 2241 ratio
3034 2191 3111 2242 et
3164 2175 3685 2247 columnarum
3709 2256 3718 2261 .
3742 2175 4022 2241 circum
4059 2194 4201 2247 ‚ae-

1068 2313 1241 2383 dem
1288 2310 1663 2404 dispofitio
1706 2316 1881 2380 ideo
1928 2308 2029 2380 est
2077 2314 2404 2392 inventa,
2493 2326 2584 2376 ut
2645 2309 2982 2407 aspectus
3013 2326 3326 2403 propter
3359 2308 3837 2402 ,asperitatem
3884 2311 4201 2383 interco-

1065 2459 1535 2526 lumniorum
1580 2457 1893 2527 haberet
1939 2456 2494 2545 auctoritatem3
2604 2471 2981 2545 praeterea
3020 2451 3076 2525 si
3124 2473 3200 2527 et
3240 2456 3608 2526 imbrium.
3631 2462 3876 2548 ‘aquae
3905 2455 4035 2525 *vis
4085 2478 4202 2523 oc-
4251 2490 4256 2496 ·

1066 2603 1470 2693 cupaverig
1520 2617 1597 2670 et
1634 2599 2155 2671 intercluserit·
2182 2602 2583 2670 hominum
2630 2599 3223 2686 multitudinem,
3272 2618 3360 2670 ut
3401 2601 3670 2670 habeat
3717 2602 3797 2671 in
3848 2599 4026 2669 aede
4062 2602 4199 2669 cir-

984 2818 985 2825 *
1067 2756 1297 2840 caque
1344 2748 1614 2817 cellam
1659 2773 1835 2835 cum
1878 2750 2307 2817 laxamento
2345 2747 2668 2816 liberam
2711 2769 3021 2816 moram.
3119 2748 3330 2818 Haec
3369 2763 3628 2817 autem
3671 2748 3776 2815 ita
3828 2747 4214 2839 explicans

1069 2910 1197 2962 tur
1243 2894 1322 2964 in
1366 2892 1965 2992 Pseudodipteris
2007 2896 2308 2968 aedium
2358 2889 2992 2998 dispofitionibus3
3041 2917 3270 2986 quare
3318 2891 3638 2966 videtur:
3661 2908 3872 2964 acuta
3907 2915 4201 2988 magna·

1065 3064 1214 3132 que
1256 3039 1559 3112 solertia
1609 3039 1914 3112 effectus
1962 3067 2280 3136 operum
2326 3045 2842 3129 Hermogenes
2876 3032 3142 3122 feciss‘e,
3187 3031 3718 3129 reliqujss‘eque
3753 3036 4014 3124 sontes,
4062 3065 4197 3110 un-

1065 3184 1157 3255 de
1186 3182 1456 3279 posteri
1492 3184 1781 3280 poffent
1806 3186 2108 3254 haurire
2156 3182 2720 3274 disciplinarum
2763 3180 3107 3251 rationes.
3205 3182 3536 3252 Aedibus
3576 3178 4023 3274 Araeostylis
4078 3210 4194 3256 co-

1062 3332 1365 3399 lumnae
1411 3324 1507 3398 fic
1554 3303 1725 3397 sunt
1774 3329 2169 3412 faciendae,
2261 3328 2379 3396 uti
2429 3322 2926 3397 crassitudines
2979 3350 3235 3397 earum
3293 3324 3433 3398 sint
3481 3330 3707 3420 partis
3765 3348 4062 3402 octavae
4102 3332 4191 3402 ad

1063 3473 1518 3543 altitudines.
1630 3478 1825 3542 Item
1870 3473 1950 3541 in
1998 3467 2337 3558 Diaftylo
2386 3447 2844 3556 dimetienda
2885 3466 2986 3541 est
3034 3472 3358 3542 altitudo
3392 3475 3780 3542 columnae
3825 3478 3907 3542 in
3952 3494 4189 3566 partes

1064 3634 1231 3687 octo
1276 3637 1353 3688 et
1399 3618 1809 3702 dimidiam,
1856 3634 1933 3686 et
1972 3618 2192 3687 unius
2233 3617 2462 3712 partis
2495 3617 2911 3686 columnae
2959 3614 3344 3688 crassitudo
3373 3620 3812 3688 «collocetur.
3912 3626 4006 3689 In
4053 3627 4185 3711 Sy·

1061 3761 1254 3854 stylo
1297 3765 1621 3833 altitudo
1660 3762 2055 3833 dividatur
2081 3764 2163 3832 in
2210 3786 2487 3832 novem
2526 3780 2608 3831 en
2651 3763 3041 3833 dimidiam
3067 3766 3394 3857 spartam,
3486 3782 3563 3833 et
3612 3790 3706 3847 ex
3756 3766 3861 3852 eis
3906 3792 4056 3836 una
4097 3768 4192 3837 ad

1063 3906 1605 3980 crassitudinem
1651 3911 2040 3979 columnae
2069 3910 2309 3979 detur.
2409 3916 2604 3978 Item
2643 3910 2723 3976 in
2772 3905 3219 3999 Pycnostylo
3269 3911 3669 3980 dividenda
3719 3907 3821 3981 est
3868 3913 4185 3983 altitudo

964 4129 971 4136 ,
1061 4058 1141 4123 in
1191 4073 1432 4148 partes
1473 4055 1748 4138 decem,
1800 4074 1875 4125 et
1925 4055 2080 4146 ejus
2126 4077 2274 4122 una
2312 4079 2481 4148 pars
2529 4053 2858 4124 facienda
2910 4052 3009 4123 est
3058 4057 3449 4125 columnae
3512 4054 3916 4127 craffitudO.
4040 4068 4186 4129 Eu·

1064 4196 1238 4290 styli
1287 4219 1539 4270 autem
1587 4202 1781 4271 aedis
1821 4202 2210 4270 columnae
2277 4199 2398 4290 (ut
2453 4196 2768 4290 Diastyli
2823 4199 2899 4291 ⁷)
2968 4203 3052 4270 in
3097 4219 3263 4271 octo
3312 4195 3554 4296 partes
3615 4197 3936 4272 altitudo
3998 4203 4187 4274 divi·
4241 4187 4250 4202 ’

1203 4504 1265 4573 6)
1337 4505 1483 4560 cod.
1514 4524 1622 4559 ms.
1654 4518 1710 4558 et
1744 4502 1852 4555 Ed.
1887 4501 2047 4575 Sulp.
2084 4505 2153 4556 fic
2191 4502 2427 4580 legana
2461 4519 2517 4556 at
2550 4503 2738 4582 vulgo
2774 4504 3112 4582 octastylon.

1197 4662 1260 4720 7)
1335 4656 1477 4710 Cod.
1518 4676 1618 4715 ms,
1658 4671 1713 4707 ct
1747 4654 1855 4705 Ed.
1889 4651 2047 4726 Sulp.
2090 4654 2313 4727 Syscyli
2350 4660 2409 4707 ἱη
2449 4677 2639 4712 novem
2662 4658 2945 4728 partibus.
3019 4719 3024 4726 ι
