4697 5919
1101 335 1236 404 188
1599 265 1715 388 M}
1777 303 2329 390 vl‘rnuvu‘
2406 317 2482 380 P.
2562 316 2715 380 DE
2791 258 3707 382 AncHITecrunA

1100 574 1244 645 qua
1294 550 1573 619 nucum
1612 517 1882 617 hortos·
1916 564 1990 615 et
2038 548 2285 615 vineas
2335 539 2521 614 foffis
2571 543 2807 614 ductis
2851 544 3308 613 immittitur.
3353 537 3358 542 ’
3436 549 3656 614 Haec
3702 548 3951 614 autem
4016 540 4234 614 effici-⁷

1101 715 1228 771 tur
1276 691 1433 793 post
1481 719 1757 765 annum
1805 688 2037 763 crusta
2085 690 2398 785 lapidea,
2452 705 2526 758 et
2586 690 2688 758 ita
2740 689 3132 784 quotannis
3186 688 3446 758 dextra
3506 715 3587 761 ac
3635 687 3912 760 sinistra
3965 693 4232 785 margi·

1004 912 1013 919 .
1100 866 1229 914 nes
1280 867 1375 912 ex
1422 859 1619 912 terra
1670 838 2003 910 faciendo
2052 825 2434 906 inducunt
2469 859 2653 919 eam,
2709 853 2782 904 et
2836 831 3160 905 efficiunt
3201 835 3314 905 his
3360 830 3610 907 crustis
3654 838 3735 906 in
3778 837 3964 931 agris
4010 836 4226 930 septa.

1027 961 1038 978 ἱ
1100 995 1275 1062 Hoc
1320 1005 1569 1058 autem
1619 988 1720 1056 ita
1769 985 2068 1070 videtur
2117 984 2559 1054 naturaliter
2620 977 2824 1067 fieri,
2892 980 3096 1075 quod
3153 981 3234 1050 in
3294 980 3408 1051 his
3476 982 3657 1053 locis
3714 1000 3788 1052 et
3852 1008 3934 1052 ea
4001 1001 4232 1067 terra,

1104 1138 1373 1232 quibus
1422 1136 1479 1205 is
1546 1131 1868 1202 nascitur
1922 1130 2212 1216 succuS,
2277 1096 2514 1199 subest
2580 1128 2872 1223 coaguli
2937 1144 3242 1220 naturae
3306 1124 3603 1202 similis:
3704 1130 3997 1201 Deinde
4062 1154 4234 1199 cum

1102 1284 1502 1354 commixta
1550 1281 1662 1350 vis
1712 1279 2088 1375 egreditur
2136 1301 2272 1372 per
2320 1275 2560 1347 fontes
2612 1294 2823 1346 extra
2891 1294 3203 1363 terram,
3267 1300 3307 1362 a
3374 1274 3542 1348 solis
3607 1294 3684 1348 et
3743 1280 3927 1347 aeris
3985 1277 4231 1346 calore

1104 1431 1396 1524 cogitur
1438 1427 1857 1523 congelari‚.
1907 1443 1995 1495 ut
2045 1427 2271 1495 etiam
2322 1423 2403 1493 in
2469 1423 2655 1493 areis
2720 1422 3080 1494 salinariis
3142 1422 3462 1493 videtur.
3654 1431 3847 1495 Item
3912 1422 4078 1493 sunt
4135 1445 4233 1491 ex

1025 1635 1029 1640 .
1100 1598 1347 1644 amaro
1395 1573 1604 1644 succo
1650 1590 1891 1643 terrae
1938 1571 2177 1640 fontes
2223 1585 2578 1639 exeuntes
2631 1570 3117 1639 vehementer
3173 1570 3474 1661 amari3=
3556 1588 3644 1638 ut
3707 1571 3788 1639 in
3857 1573 4080 1672 Ponto
4117 1562 4234 1640 ,est

1098 1717 1380 1790 flumen
1435 1719 1781 1815 Hypanis
1830 1717 1963 1810 qui
2012 1739 2052 1782 a
2115 1716 2353 1808 capite
2415 1712 2729 1808 profluit
2795 1718 3090 1786 circiter
3133 1717 3375 1786 millia
3422 1715 3904 1810 quadraginta
3972 1714 4227 1807 sapore

1098 1859 1543 1954 dulciffimo;
1593 1861 1859 1932 deinde
1910 1886 2083 1937 cum
2130 1861 2477 1953 pervenit
2531 1860 2622 1929 ad
2655 1861 2930 1946 locum,
2975 1861 3105 1954 qui
3154 1856 3252 1932 est
3301 1860 3392 1930 ab
3436 1856 3618 1930 ostio
3665 1860 3757 1930 ad
3786 1861 4027 1929 millia
4064 1883 4229 1927 cen-

1093 2028 1259 2081 tum
1304 2009 1697 2103 sexaginta,
1744 2005 2189 2076 admiscetur
2232 2007 2302 2073 ei
2343 2003 2752 2074 fonticulus
2804 2005 3080 2098 oppido
3142 2031 3367 2099 quam
3425 2005 3823 2098 parvulus:
3925 2011 3994 2073 Is
4055 2027 4230 2073 cum

1094 2155 1174 2224 in
1225 2178 1399 2223 eum
1445 2151 1732 2236 influit,
1781 2166 1963 2219 tunc
2010 2164 2296 2217 tantam
2341 2147 2938 2242 magnitudinem
2984 2148 3315 2220 fluminis
3360 2147 3534 2219 facit
3585 2173 3927 2219 amaram.
4047 2148 4228 2218 Ideo

1095 2297 1296 2394 quod
1341 2323 1478 2392 per
1525 2295 1604 2365 id
1651 2319 1880 2390 genus
1932 2309 2301 2372 terraelet
2348 2314 2593 2374 venaS‚
2642 2293 2840 2360 unde
2890 2292 3268 2360 sandaraca
3318 2292 3622 2377 foditur,
3694 2318 3778 2363 ea
3838 2317 4025 2387 aqua
4076 2317 4228 2363 ma-

1090 2442 1334 2513 nando
1378 2437 1771 2535 perficitur
1819 2461 2083 2509 amara.
2184 2441 2393 2510 Haec
2441 2453 2689 2506 autem
2738 2431 3200 2508 diffimilibus
3250 2436 3629 2531 saporibus
3677 2461 3717 2505 a
3765 2454 4001 2507 terrae
4055 2462 4227 2532 pro-

1091 2590 1406 2682 prietate
1447 2580 1965 2679 perficiuntur,
2014 2583 2131 2652 uti
2180 2582 2405 2652 etiarn
2451 2583 2531 2650 in
2574 2581 2944 2653 fructibus
2989 2583 3310 2653 videtur.
3412 2586 3487 2655 Si
3537 2586 3739 2655 enim
3786 2584 4071 2654 radices
4117 2608 4224 2653 ar-

1092 2734 1368 2802 borum
1420 2747 1549 2799 aut
1598 2730 1875 2802 vitium
1914 2743 2042 2796 aut
2090 2729 2561 2820 reliquorum
2607 2725 2974 2796 seminum
3021 2751 3174 2802 non
3224 2753 3319 2796 ex
3359 2746 3598 2799 terrae
3641 2731 4220 2824 proprietatibus

1090 2876 1389 2947 succum
1440 2874 1797 2971 capiendo
1848 2872 2154 2942 ederent
2206 2871 2514 2957 fructus,
2563 2896 2717 2941 uno
2768 2895 3039 2968 genere
3085 2866 3311 2942 effent
3361 2876 3442 2944 in
3492 2875 3836 2946 omnibus
3898 2877 4079 2947 locis
4145 2894 4219 2947 et

1084 3022 1517 3119 regionibus
1571 3022 1911 3091 omnium
1952 3016 2268 3112 sapores.
2371 3018 2513 3091 Sed
2554 2998 3206 3091 animadvertimus
3254 3020 3583 3093 ‘insulam
3635 3022 3911 3095 Lesbon
3955 3024 4218 3095 vinum

1095 3156 1536 3265 Protyrurm
1583 3166 2007 3237 Malonz'am
2066 3168 2753 3245 Catacecaumenen;
2846 3165 3032 3233 item
3088 3169 3410 3263 Lydiam
3475 3171 3823 3257 ῙῑῙεΖὶεοη,
3893 3171 4212 3241 Siciliam

1087 3286 1660 3393 Mamertinum,
1716 3306 2201 3399 Campaniam
2253 3309 2679 3394 Falernum,
2739 3309 2821 3377 in
2888 3313 3276 3382 Terracina
3318 3330 3396 3383 et
3448 3318 3714 3386 Fundis
3774 3314 4209 3401 Caecubum,

1080 3453 1538 3548 reliquisque
1583 3451 1765 3520 locis
1809 3451 2152 3544 pluribus
2204 3452 2739 3523 innumerabili
2795 3455 3285 3528 multitudine
3344 3483 3610 3555 genera
3658 3465 3816 3534 vini
3868 3464 4213 3532 virtutes-

1082 3626 1227 3696 que
1278 3598 1690 3693 procoeari,
1744 3620 1931 3688 quae
1988 3622 2143 3666 non
2208 3597 2426 3667 aliter
2481 3594 2778 3692 possunt
2830 3598 3036 3688 fieri,
3098 3602 3235 3676 nifi
3298 3630 3468 3676 cum
3530 3623 3865 3675 terrenus
3928 3607 4210 3676 humor

1080 3746 1221 3817 suis
1266 3740 1851 3838 proprietatibus
1916 3738 2263 3836 saporum
2325 3745 2407 3814 in
2467 3745 2835 3855 radicibus
2895 3750 3211 3838 infusus;
3276 3752 3557 3822 enutrit
3620 3752 4016 3848 materiam
4070 3779 4208 3847 per

1078 3914 1299 3985 quam
1347 3887 1727 3983 egrediens
1781 3887 1872 3956 ad
1922 3912 2271 3961 cacumen
2333 3889 2738 3983 profundat
2788 3898 3183 3989 proprium
3232 3899 3373 3967 loci
3429 3916 3504 3967 et
3553 3900 3842 3992 generis
3895 3899 4004 3969 sui
4057 3899 4206 3969 fru-

1076 4055 1236 4107 ctus
1283 4034 1634 4129 saporem.
1741 4034 1958 4129 Quod
2004 4033 2056 4104 fi
2099 4053 2293 4119 terra
2339 4039 2735 4131 generibus
2782 4008 3191 4112 humorum
3243 4069 3396 4114 non
3464 4040 3637 4114 ess'et
3704 4041 4060 4116 dissimilis
4128 4066 4203 4117 et

1076 4180 1455 4276 disparata,
1504 4206 1657 4251 non
1703 4190 1997 4251 tantum
2039 4182 2119 4251 in
2154 4184 2403 4280 ,Syria
2445 4201 2521 4252 et
2567 4183 2851 4285 Arabici
2900 4189 2978 4257 in
3044 4189 3532 4261 arundinibus
3599 4208 3673 4260 et
3745 4188 3980 4278 juncis
4032 4193 4199 4261 her-

1072 4329 1333 4423 bisque
1382 4328 1727 4399 omnibus
1781 4322 2008 4398 effent
2058 4327 2340 4416 odoreS,
2399 4356 2640 4425 neque
2694 4335 2990 4406 arbores
3032 4336 3407 4424 turiferae,
3460 4362 3702 4431 neque
3752 4338 4028 4431 piperis
4081 4296 4201 4409 da·

1072 4494 1239 4545 rent
1284 4475 1552 4558 baccas,
1600 4499 1736 4542 nec
1780 4476 2133 4565 myrrhae
2187 4477 2544 4571 gl‘el„›ula8,
2596 4503 2730 4548 nec
2791 4483 3091 4577 Cyrenis
3157 4485 3234 4551 in
3301 4483 3560 4553 ferulis
3629 4482 3816 4551 laser
3876 4484 4199 4554 nascere-

1070 4642 1225 4715 tur3
1276 4619 1399 4690 sed
1446 4622 1524 4689 in
1567 4620 1912 4690 omnibus
1962 4639 2201 4691 terrae
2253 4625 2683 4717 regionibus
2735 4644 2808 4695 et
2858 4628 3039 4697 locis
3095 4628 3358 4698 eodem
3418 4632 3982 4724 genere'omnia
4031 4657 4224 4745 pro-t
