4697 5919
1052 324 1153 392 59.
1563 304 1679 372 M.
1741 300 2313 372 VITRUVII
2385 302 2464 368 P.
2525 303 2679 370 DE
2743 301 3670 397 ARCHITECTURA

1054 537 1294 610 midae
1342 530 1714 632 potestatis
1760 533 2090 605 vitiatur.
2197 540 2484 619 cerrus,
2517 528 2756 617 suber,
2802 531 3032 626 fagus,
3079 532 3281 627 quod
3323 556 3632 628 parvam
3670 533 3951 604 habent
3999 537 4188 605 mix-

1048 686 1345 771 ¹tionem
1384 681 1724 767 humoris
1768 699 1841 751 et
1893 680 2082 777 ignis
2134 697 2208 750 et
2250 680 2555 765 terreni,
2629 679 2814 748 aeris
2873 678 3314 773 plurimum,
3391 681 3650 774 pervia
3697 683 3998 781 'raritate
4047 683 4185 757 hu·

1049 852 1299 902 mores
1342 830 1643 923 penitus
1691 825 2141 921 recipiendO,
2188 824 2534 894 celeriter
2578 822 3060 894 marcescunt.
3198 824 3532 927 Bopulus
3595 827 3763 895 alba
3829 848 3907 898 et
3952 830 4179 924 nigra,

932 1038 943 1049 ,
1048 976 1235 1047 item
1279 974 1482 1060 saliat,
1524 975 1710 1056 tilia,
1759 974 1990 1055 viteX,
2039 969 2231 1063 ignis
2274 986 2351 1039 et
2399 970 2585 1038 ae'ris
2631 969 2943 1057 satiatae,
3034 988 3255 1064 atque
3308 971 3650 1041 humoris
3707 990 4180 1068 temperatae,

1043 1145 1314 1214 parum
1365 1121 1644 1189 terreni
1690 1114 2382 1200 habentes‚.1eviori
2423 1132 2928 1210 temperatura
2973 1136 3457 1211 comparatae,
3538 1120 3910 1213 egregiam
3956 1119 4180 1188 habe·

1044 1289 1129 1334 re
1176 1266 1529 1334 videntur
1577 1266 1657 1332 in
1695 1261 1834 1330 usu
1874 1260 2350 1356 rigiditatem.
2404 1269 2604 1356 Ergo
2654 1285 2828 1332 cum
2875 1288 3030 1333 non
3076 1259 3218 1335 [int
3263 1263 3489 1333 durae
3538 1266 3821 1333 terreni
3877 1265 4180 1333 mixtio-

1044 1434 1161 1493 ne,
1200 1427 1513 1503 propter
1552 1409 1937 1477 raritatem
1986 1405 2153 1475 [mit
2196 1405 2567 1491 candidae,
2617 1425 2692 1475 et
2733 1408 2812 1476 in
2860 1408 3253 1504 sculpturis
3304 1410 3768 1481 commodam.
3808 1406 4173 1505 praestant

1043 1553 1674 1622 tractabilitatem.
1796 1553 2035 1623 Alnus
2090 1569 2362 1638 autem,
2391 1609 2395 1613 ⁴
2425 1552 2611 1646 quae
2654 1557 3001 1649 proxima
3047 1555 3451 1629 fluminum
3498 1559 3678 1652 ripis
3719 1573 4171 1653 procreatur,
4257 1633 4272 1658 Ι

1042 1712 1129 1766 εἴ
1170 1698 1480 1767 minime
1531 1698 1876 1767 materies
1919 1698 2129 1767 utilis
2170 1697 2494 1784 videtur,
2532 1700 2762 1770 habet
2807 1701 3006 1772 inse
3057 1706 3383 1797 egregias
3434 1705 3796 1773 rationes:
3893 1704 4172 1771 etenim

1042 1848 1208 1912 ae‘re
1261 1838 1361 1913 est
1412 1860 1490 1913 et
1533 1845 1689 1938 igni
1738 1845 2072 1937 plurimo
2119 1862 2551 1940 temperata,
2599 1872 2750 1917 non
2800 1850 3128 1919 multum
3179 1866 3499 1935 terreno,
3550 1850 3870 1919 humore
3918 1848 4163 1941 paulo.

1040 1996 1300 2080 Itaque
1367 1991 1540 2082 quia
1616 2015 1769 2059 non
1850 1990 2085 2061 nimis·
2142 1992 2371 2062 habet
2427 1994 2508 2062 in
2570 2016 2885 2090 corpore
2935 1996 3306 2082 humoriS,
3353 1998 3449 2068 'in
3492 1990 3940 2092 palustribus
3984 1993 4164 2062 Iocis

1040 2135 1242 2204 infra
1292 2134 1767 2203 fundamenta
1818 2133 2354 2223 aedificiorum,
2428 2140 2932 2232 palationibus
2995 2144 3254 2212 crebre
3303 2140 3476 2229 fixa,
3563 2143 3926 2233 recipiens
3973 2142 4051 2206 in
4093 2136 4163 2204 se

1035 2278 1239 2372 quod
1304 2280 1548 2346 minus
1606 2279 1856 2347 habet.
1899 2281 1980 2346 in
2066 2304 2378 2370 corpore
2447 2281 2783 2369 liquoris,
2910 2296 3298 2375 permanet
3335 2279 3810 2357 ‘immortalis
3880 2277 3973 2346 ad
4048 2300 4159 2344 ae-

1032 2424 1481 2507 ternitatem,
1534 2442 1608 2492 et
1661 2419 1965 2493 sustinet
2005 2424 2354 2492 immania
2397 2420 2727 2516 pondera
2768 2415 3196 2508 structurae,
3235 2441 3345 2492 -et
3408 2422 3556 2494 fine
3604 2425 3806 2494 vitiis
3872 2420 4158 2493 conser-

1030 2586 1185 2638 vat.
1279 2576 1393 2639 Ita
1436 2592 1621 2662 quae
1667 2594 1820 2638 non
1860 2564 2096 2663 potest
2151 2584 2361 2636 extra
2407 2584 2685 2636 terram
2732 2569 3043 2661 paulum
3091 2586 3383 2663 tempus
3435 2570 3722 2655 durare,
3779 2590 3861 2637 ea
3900 2569 3982 2637 in
4018 2568 4156 2634 hu·

1027 2739 1241 2786 more
1284 2716 1554 2787 obruta
1594 2730 1979 2809 permanet
2029 2712 2122 2782 ad
2163 2712 2757 2789 diuturnitatem.
2860 2710 2982 2786 Est
3027 2734 3280 2785 autern.
3322 2719 3645 2786 maxime
3704 2712 3785 2784 id
3815 2708 4154 2781 confide·

1025 2883 1192 2928 rare
1248 2867 1659 2949 Ravennae,
1737 2840 1940 2954 quod
1987 2859 2098 2929 ibi
2139 2861 2389 2929 omnia
2432 2883 2656 2955 opera
2721 2879 2795 2931 et
2860 2861 3172 2957 publica
3226 2879 3300 2930 et
3361 2863 3651 2954 privata
3707 2857 3846 2926 sub
3900 2856 4157 2924 funda-

940 3087 947 3094 *
1032 3007 1305 3075 mentis
1357 3005 1511 3100 ejus
1555 2992 2212 3103 generishabeant
2258 3009 2487 3100 palos.
2593 3010 2858 3073 Ulmus
2908 3030 3089 3072 vero
3129 3023 3201 3072 et
3246 3005 3576 3073 fraxinus
3616 3005 3978 3072 maximos
4028 3004 4150 3070 ha-

1024 3151 1209 3222 bent
1264 3154 1637 3231 humores,
1691 3151 2234 3232 minimumque
2285 3145 2472 3208 ae‘ris
2524 3160 2598 3209 et
2648 3145 2876 3235 ignis3
2974 3144 3098 3214 sed
3164 3151 3446 3217 terreni
3506 3167 3912 3244 temperata
3959 3148 4145 3217 mix-

1014 3297 1221 3362 tione
1327 3299 1813 3376 comparatae.
1980 3285 2167 3351 Sunt
2242 3284 2319 3350 in
2414 3286 2794 3380 operibUS‚
2890 3314 3064 3360 cum
3128 3292 3608 3380 fabricantur,
3705 3298 3970 3382 lentae,
4066 3310 4142 3363 et

1014 3431 1152 3501 sub
1213 3429 1291 3518 ²)
1343 3427 1699 3522 pondere,
1750 3444 2062 3521 propter
2112 3428 2451 3497 lammis
2503 3433 3056 3522 abundantiam,
3108 3463 3261 3508 non
3309 3441 3596 3510 habent
3619 3444 3969 3529 rigorem,
4021 3440 4144 3509 sed

1023 3577 1370 3646 celeriter
1415 3574 1777 3669 pandant:
1828 3568 2045 3641 simul
2096 3590 2346 3642 autem
2393 3570 2750 3644 vetustate
2801 3576 2967 3643 sunt
3017 3578 3259 3645 aridae
3314 3577 3561 3662 factae,
3625 3598 3752 3648 aut
3815 3582 3892 3646 in
3956 3607 4138 3677 agro

1014 3722 1386 3819 perfectae
1453 3720 1551 3809 3),
1626 3717 1755 3808 qui
1807 3710 1991 3785 inest
2043 3717 2145 3785 eis
2194 3719 2448 3811 liquor
2491 3714 2864 3801 stantibuS,
2928 3722 3312 3806 emoritur,
3362 3718 3708 3814 fiuntque
3775 3725 4130 3817 duriores,

1008 3889 1081 3940 et
1113 3869 1217 3935 in
1257 3856 1743 3933 commissuris
1788 3879 1861 3930 et
1903 3863 1982 3931 in
2024 3860 2780 3954 coagmentationibus
2823 3863 2914 3933 ab
2962 3866 3412 3937 lentitudine
3456 3866 3711 3940 sinnas
3757 3876 4130 3969 recipiunt

1007 4009 1523 4085 catenationes.
1626 4014 1818 4078 Item
1866 4008 2244 4099 Carpinus,
2291 4004 2496 4101 quod
2543 4002 2641 4077 est
2671 4010 3014 4079 «minima-
3042 4013 3229 4107 ignis
3271 4031 3346 4083 et
3396 4018 3678 4085 terreni
3719 4022 4128 4110 ,mix-tione,

1006 4160 1191 4230 aeris
1236 4171 1485 4225 autem
1530 4170 1604 4223 et
1647 4153 1985 4224 humoris
2029 4149 2308 4248 summa
2355 4155 2780 4227 continetur
2835 4174 3358 4253 temperatura,
3431 4184 3586 4234 non
3647 4157 3775 4233 est·
3815 4161 4120 4261 fragiliS,

1133 4445 1193 4517 2)
1229 4441 1375 4497 cod.
1413 4461 1516 4496 ms.
1556 4457 1612 4497 et
1645 4440 1750 4494 Ed.
1793 4437 1955 4515 Sulp.
1997 4458 2049 4498 et
2083 4442 2154 4499 ab
2184 4425 2437 4518 pondes}
2471 4442 2714 4503 humet-{s
2752 4471 2861 4506 non
2912 4441 3137 4505 habent·

1127 4598 1189 4667 3)
1224 4595 1371 4649 cod,
1404 4615 1508 4649 ms.
1542 4609 1601 4649 et
1636 4592 1743 4646 Ed.
1776 4589 1939 4663 Sulp.
2005 4594 2258 4668 petsccto
2293 4597 2605 4672 —scantes
2648 4606 3013 4657 emoriuntur-⁴
