4697 5919
1028 295 1175 362 950
1520 271 1638 343 Μ.
1712 271 2276 357 VIJ'RUVII
2346 270 2428 338 P.
2515 271 2671 341 DE
2740 273 3663 348 ARCHITECTURA
3755 336 3767 354 .

1028 505 1533 601 expeditiora„
1585 506 1727 575 alia
1767 504 2126 575 machinis
2177 523 2254 575 et
2303 527 2559 574 earum
2597 503 3159 592 versationibus,
3201 497 3568 578 nonnulla
3615 510 3929 604 organis.
4063 510 4163 576 Et

1024 656 1127 724 ita
1177 676 1366 748 quae
1416 652 2101 724 animadverterunt
2146 650 2239 721 ad
2286 648 2502 718 usum
2551 650 2768 720 utilia
2823 643 2962 721 esse
3025 649 3299 738 studiis,
3392 653 3691 739 artibus,
3788 649 4156 736 institutis,

1027 799 1388 896 gradatim
1449 799 1780 894 augenda
1842 798 2199 869 doctrinis
2266 809 2738 866 curaverunt.
2840 799 3329 886 Attendamus
3393 781 3600 867 enim
3655 798 3986 891 primum
4046 797 4157 863 in-

1027 964 1343 1018 ventum
1385 944 1477 1014 de
1521 941 1953 1031 necessitate,
2000 961 2088 1014 ut
2138 937 2480 1034 vestitus3
2578 941 3211 1037 quemadmodum
3257 947 3580 1053 telarum
3633 942 3995 1038 organicis
4038 938 4159 1009 ad-

1028 1066 1692 1163 ministrationibus
1742 1085 2489 1199 connexusstaminis
2535 1088 2626 1157 ad
2679 1087 3134 1185 subtegmen,
3205 1118 3357 1163 non
3424 1091 3651 1162 modo
3701 1110 4008 1182 corpora
4053 1102 4155 1155 te-

1031 1239 1274 1336 gendo
1326 1257 1699 1326 tueantur,
1742 1235 1867 1310 sed
1913 1239 2138 1307 etiam
2186 1251 2483 1306 ornatus
2523 1234 2869 1325 adjiciant
2908 1232 3383 1309 honestatem.
3527 1238 3693 1312 cibi
3757 1257 3939 1303 vero
4002 1255 4153 1352 non

1027 1380 1526 1486 habuissemus
1576 1385 2129 1469 abundantiam,
2170 1380 2303 1453 nifi
2339 1383 2534 1476 juga,
2590 1399 2666 1451 et
2713 1398 2946 1450 aratra
2987 1383 3225 1455 bobus
3266 1384 3764 1477 jumentisque
3813 1379 4156 1479 omnibus

1032 1524 1259 1598 ess'ent
1298 1533 1617 1600 inventa.
1723 1533 2311 1623 sucularumque
2357 1545 2434 1598 et
2477 1527 2868 1620 prelorum
2913 1546 2990 1597 et
3044 1532 3376 1601 vectium
3414 1527 3469 1601 fi
3517 1555 3670 1622 non
3716 1521 3962 1628 fuisset
3993 1501 4159 1594 ⁸tor·-

1028 1675 1295 1744 cularis
1337 1675 1836 1768 praeparati03
1868 1700 2129 1768 neque
2178 1674 2328 1743 olei
2372 1673 2716 1757 nitorem,
2764 1647 3007 1765 neque
3049 1676 3322 1744 vitium
3357 1675 3690 1745 fructum
3721 1672 3998 1741 habere
4026 1693 4162 1762 po·

939 1816 943 1820 ’
1032 1813 1411 1889 tuiffemus
1436 1799 1449 1858 s
1463 1819 1554 1889 ad
1599 1818 2156 1909 jucunditatem.
2198 1825 2201 1826 ⁷
2273 1821 2882 1911 Portationesque
2937 1843 3198 1906 eorum
3236 1845 3389 1890 non
3438 1815 3685 1904 essent,
3766 1811 3904 1886 nifi
3949 1815 4158 1908 plau-

1033 1960 1349 2035 strorum
1398 1981 1525 2033 aut
1573 1962 2022 2031 sarracorum
2061 1988 2196 2054 per
2232 1982 2527 2045 terram,
2569 1963 3082 2029 navicularum
3121 1988 3258 2054 per
3309 1926 3595 2056 aquam,
3653 1963 4007 2043 ‘inventae
4057 1956 4159 2027 es-

917 2097 938 2115 ’
1037 2109 1196 2182 sent
1242 2107 1840 2178 machinationes,
1944 2108 2435 2177 Trutinarum
2486 2128 2665 2176 vcro
2715 2105 3232 2201 librarumque
3282 2107 3739 2201 ponderibus
3787 2105 4157 2174 examina-

1038 2256 1148 2325 tio
1182 2229 1497 2348 reperta,
1542 2253 1871 2322 vindicat
1915 2252 2005 2321 ab
2054 2253 2451 2345 iniquitate
2501 2248 2703 2342 justis
2747 2254 3089 2322 moribus
3138 2253 3389 2323 vitam.
3533 2235 3711 2323 Non
3759 2251 4154 2343 minusque

1031 2383 1209 2469 sunt·
1246 2366 1830 2467 innumerabiles
1875 2380 2423 2502 moderationes
2467 2398 3121 2483 machinationum,
3193 2399 3286 2468 de
3348 2399 3621 2493 quibus
3671 2420 3824 2466 non
3873 2382 4152 2502 necesse

1029 2543 1331 2638 videtur
1366 2541 1757 2635 disputare,
1807 2544 2162 2636 quoniam
2191 2539 2362 2612 sunt
2394 2543 2484 2612 ad
2517 2568 2822 2614 manum
2846 2544 3341 2638 quotidianae,
3392 2562 3478 2613 ut
3521 2544 3706 2656 sunt*
3739 2559 3972 2628 rotae,
4005 2541 4151 2612 fol·
4189 2634 4214 2645 ·

936 2683 943 2689 ’
1024 2690 1134 2760 les
1186 2688 1588 2786 fabrorum,
1656 2686 1952 2771 rhedae,
2029 2683 2213 2773 cifia,
2309 2687 2534 2773 torni,
2617 2706 3020 2781 ceteraque
3088 2712 3274 2781 quae
3317 2667 3747 2759 ⁴communes
3794 2687 3886 2757 ad
3912 2686 4148 2758 'usum

1027 2832 1999 2905 consuetudinibushabent
2048 2836 2692 2927 opportunitates.'
2773 2841 3036 2928 Itaque
3097 2835 3540 2932 incipiemus
3605 2826 3732 2932 de·x
3768 2831 3888 2910 his
3958 2858 4144 2930 quae

1028 2994 1199 3054 raro
1252 2982 1567 3053 veniunt
1615 2978 1709 3050 ad
1746 3004 2027 3066 manuS,
2071 2996 2157 3048 ut
2206 2998 2382 3051 nota
2432 2979 2590 3081 lint,
2632 2982 3025 3075 explicare.

3819 3108 3854 3152 a

2286 3237 2674 3310 CAPUT
2772 3242 2876 3312 11.

2106 3420 2243 3488 De·
2275 3418 2628 3490 machinis
2685 3420 3065 3492 tractoriis·

1021 3580 1573 3711 Primumque
1595 3608 2060 3686 instituemus
2107 3616 2198 3685 de
2248 3618 2385 3709 his,
2468 3641 2652 3713 quae
2703 3619 3008 3689 aedibus
3061 3619 3269 3690 sacris
3331 3619 3421 3689 ad
3482 3644 3940 3717 operumque
3995 3649 4140 3721 pu.

1023 3765 1397 3835 blicorum
1441 3758 1977 3867 perfectionem
2021 3757 2434 3832 necestitate
2483 3770 3034 3877 comparantur:
3091 3790 3272 3861 quae
3319 3760 3516 3835 fiunt
3561 3769 3682 3837 ita.
3736 3771 3979 3864 Tigna
4006 3773 4137 3865 (A)

1028 3912 1171 3980 tria
1233 3909 1309 3986 ¹)
1361 3906 1452 3976 ad
1496 3931 1809 3979 onerum
1858 3907 2454 4005 magnitudinem
2500 3912 2786 3999 ratione
2841 3911 3363 4009 expediuntur,
3429 3930 3504 3983 et
3553 3939 3593 3983 a
3627 3918 3877 4029 capite
3941 3912 4139 3989 fibu-

1026 4057 1099 4126 Ia
1150 4055 1271 4147 (B)
1323 4053 1733 4146 conjuncta,
1780 4075 1853 4126 et
1898 4059 1977 4126 in
2020 4057 2173 4126 imo
2216 4054 2343 4125 div
2321 4055 2632 4143 aricata,
2680 4060 3069 4155 eriguntur
3114 4028 3421 4129 funibus
3469 4044 3550 4130 in
3586 4042 3944 4185 capitibus
3984 4062 4166 4133 col·
4241 4048 4248 4057 ’

1027 4203 1304 4288 locatis,
1347 4220 1421 4271 et
1463 4203 1550 4272 iis
1595 4206 1781 4274 item
1828 4205 2014 4274 circa
2057 4200 2412 4298 dispofitis
2461 4197 2698 4275 erecta
2744 4208 3182 4279 retinentur.
3280 4207 3657 4303 Alligatur
3710 4207 3854 4300 2)
3831 4237 3913 4280 m
3940 4208 4133 4284 sum-

1155 4460 1211 4524 2)
1280 4457 1523 4514 Codices
1558 4459 1749 4516 Guelf.
1783 4475 1841 4515 et
1873 4461 2042 4514 Fran.
2083 4459 2153 4514 E.
2187 4462 2242 4516 S.
2277 4458 2407 4517 duo.

1157 4611 1217 4680 2)
1278 4609 1653 4667 eod.-Guelr.
1689 4627 1747 4667 et
1776 4611 1945 4665 Fran.
1977 4626 2035 4666 et
2066 4611 2135 4691 E.
2172 4613 2228 4667 S.
2261 4612 2580 4687 alligantur
2610 4642 2680 4659 —
2714 4615 3012 4671 trochleae.
