4697 5919
1121 344 1257 411 ιω
1440 379 1443 384 -
1640 333 1755 398 Μ.
1822 303 2369 397 VITRUv'u
2448 328 2527 393 P.
2593 323 3735 426 DE·ARCH1TECTURA

2369 601 2760 677 CAPUT
2855 605 2966 675 11.

2087 788 2237 857 De
2334 789 2660 879 aqua'
2720 769 3258 854 imbrium.

1107 963 1385 1099 Itaque
1432 1026 1620 1098 quae
1663 1025 1759 1073 ex
1805 1000 2173 1092 imbribus
2237 1024 2426 1097 aqua
2488 1000 2873 1097 colligitur
2934 999 3377 1072 salubriores
3437 998 3670 1073 habet
3731 1003 4079 1090 virtutes,
4143 1030 4231 1077 eo

970 1115 1011 1128 x
1107 1152 1313 1248 quod
1362 1151 1667 1246 eligitur
1694 1106 1809 1238 fex
1857 1151 2225 1242 omnibus.
2269 1149 2605 1221 fontibus
2665 1144 3039 1219 leviffimis
3105 1147 3652 1244 subtilibusque
3705 1152 4228 1223 tenuitatibus:

1104 1298 1371 1369 ‘deinde
1415 1321 1552 1392 per
1605 1298 1790 1368 aeris
1814 1357 1819 1390 ς
1839 1296 2450 1394 exercitationem
2496 1297 2874 1391 percolata
2925 1290 3472 1390 tempestatibus
3532 1296 4008 1390 liquescendo
4063 1322 4229 1393 per-

1098 1446 1311 1530 yenit
1347 1444 1439 1520 ad
1486 1460 1785 1540 terram.
1932 1445 2327 1550 Etiamque
2379 1468 2533 1513 non
2591 1444 2956 1514 crebriter
3013 1445 3098 1513 in
3150 1443 3423 1539 campis
3480 1440 3872 1514 confluunt
3929 1443 4226 1538 imbres»,

1099 1587 1225 1658 sed
1270 1593 1351 1659 in
1398 1591 1781 1682 montibus
1832 1606 1969 1660 aut*
2006 1590 2101 1658 ad
2122 1669 2123 1676 ἵ
2145 1589 2335 1683 ipsos
2376 1607 2691 1682 montes,
2739 1590 2909 1660 ideo
2960 1589 3164 1682 quod
3210 1591 3569 1665 humores
3621 1613 3717 1659 ex
3762 1606 3963 1660 terra
3985 1607 4227 1660 matu·
4289 1693 4293 1697 ι

1094 1735 1258 1803 tino
1302 1732 1471 1804 solis
1518 1752 1693 1805 ortu
1736 1735 1947 1819 moti,
1996 1757 2169 1805 cum
2215 1734 2388 1805 sunt
2415 1729 2687 1830 egreffi
2726 1706 2820 1805 in.
2861 1759 3378 1830 quamcunque
3423 1751 3714 1828 partem
3780 1735 3992 1820 coeli,
4054 1736 4225 1806 sunt

1091 1881 1510 1973 proclinati,
1587 1879 1903 1950 trudunt
1944 1902 2132 1966 aera,
2211 1881 2480 1973 deinde
2522 1875 2699 1954 cum
2741 1880 2914 1951 sunt
2953 1882 3144 1951 moti
3192 1895 3504 1976 propter
3550 1881 4000 1950 vacuitatem
4046 1881 4218 1968 loci,

1086 2019 1249 2117 post
1298 2024 1371 2095 se
1418 2027 1793 2119 recipiunt
1832 2027 2017 2094 aeris
2060 2043 2363 2114 ruentes
2389 2027 2661 2095 undas.
2777 2032 2926 2095 Aer
2970 2042 3221 2100 autem
3270 2049 3444 2096 cum
3479 2025 3636 2095 ruit
3679 2025 3987 2120 trudens
4039 2050 4221 2124 quo-

1085 2191 1381 2262 cunque
1431 2170 1831 2248 humorem
1870 2171 2283 2263 praevium,
2329 2169 2630 2264 spiritus
2675 2187 2753 2241 et
2798 2171 3122 2265 impetus
3171 2189 3249 2242 et
3295 2169 3527 2242 undas
3585 2170 3985 2242 crescentes
4041 2173 4216 2247 facit

1082 2331 1512 2385 ventorum.
1608 2322 1674 2386 A
1725 2316 1965 2384 ventis
2014 2331 2267 2388 autem
2314 2338 2758 2406 quocunque
2808 2313 3178 2406 feruntur,
3227 2314 3577 2381 humores
3626 2316 4051 2407 conglobati
4115 2344 4211 2390 ex
4247 2311 4258 2312 ἶ
4351 2337 4370 2344 ’

1080 2456 1417 2530 fontibus
1480 2475 1558 2528 et
1620 2456 2058 2529 fluminibus
2121 2475 2196 2529 et
2256 2458 2652 2551 paludibus
2715 2475 2791 2527 et
2837 2457 3125 2551 pelago,
3171 2479 3348 2526 cum
3382 2473 3642 2550 tepore
3693 2457 3863 2527 solis
3924 2463 4212 2534 contin·

1048 2619 1362 2709 ‘guntur
1416 2599 1510 2694 ¹),
1562 2603 2134 2689 exhauriuntur,
2194 2620 2271 2673 et
2322 2605 2432 2673 ita
2480 2604 2874 2673 tolluntur·
2894 2605 2976 2673 in
3018 2600 3499 2672 altitudinem
3544 2603 3816 2675 nubes:
3892 2629 4017 2675 eae
4077 2607 4209 2700 jdeq

1076 2744 1261 2816 inde
1304 2770 1483 2819 cum.
1524 2750 1712 2820 aeris
1760 2747 1962 2822 unda
2002 2750 2347 2846 nitenteS,
2409 2773 2582 2830 cum
2632 2749 3089 2842 perveniunt
3119 2747 3227 2816 'ad
3266 2763 3577 2833 montes,
3637 2749 3733 2817 ab
3783 2773 4046 2821 eorum
4094 2753 4201 2826 of-

1072 2888 1312 2979 sensa,
1373 2910 1450 2964 et
1509 2894 1864 2990 procellis
1920 2911 2232 2989 propter
2288 2893 2731 2989 plenitatem
2777 2911 2853 2964 et
2897 2895 3356 2990 gravitatem,
3407 2892 3884 2987 liquescendo
3929 2863 4207 2997 disper..

1068 3028 1376 3133 guntur,
1423 3056 1500 3109 et
1544 3042 1649 3110 ita
1690 3036 2219 3112 djffimduntus
2268 3042 2351 3110 in
2397 3057 2646 3111 terras.
2745 3047 3122 3133 Vaporem
3172 3056 3422 3110 autem
3470 3058 3545 3121 et
3592 3044 3897 3116 nebulas
3945 3065 4022 3118 et
4052 3050 4192 3120 hu·

1064 3172 1309 3255 mores
1359 3210 1453 3256 ex
1502 3203 1698 3254 terra
1742 3183 1961 3269 nasci,
2009 3186 2195 3265 haec
2241 3183 2544 3253 videtur
2592 3180 2877 3285 efficere
2921 3187 3135 3271 ratiO‚
3211 3186 3414 3281 quod
3464 3212 3550 3258 ea
3590 3190 3820 3262 habet
3864 3195 3946 3266 in
3990 3194 4184 3285 feet

1064 3326 1345 3396 calores
1380 3326 1707 3397 fervidos
1743 3342 1822 3396 et
1867 3325 2164 3420 spiritus
2209 3327 2590 3414 immaneS‚
2634 3296 3376 3425 refrigerationesque
3441 3352 3519 3404 et
3564 3360 3920 3432 aquarum
3986 3365 4186 3439 mag·

1061 3492 1237 3540 nam
1274 3471 1864 3553 multitudinem.
1961 3478 2079 3541 Ex
2128 3494 2218 3540 eo
2259 3496 2432 3543 cum
2478 3472 2963 3568 refrigeratur
3006 3494 3237 3547 noctu
3298 3499 3698 3554 ventorum
3755 3483 3992 3561 flatus,
4034 3491 4180 3559 ori-

1058 3628 1297 3685 untur
1342 3641 1481 3710 per
1523 3617 1907 3702 tenebrasf.
1943 3632 2019 3685 et
2058 3616 2151 3686 ab
2200 3617 2529 3687 humidis
2572 3620 2786 3725 locis·
2823 3622 3307 3717 egrediuntur
3362 3627 3442 3694 in
3504 3627 3973 3700 altitudinem
4036 3659 4177 3704 nu-

1056 3759 1214 3846 bes,
1256 3760 1367 3832 sol
1415 3764 1661 3834 oriens
1706 3763 1997 3855 impetu
2044 3764 2282 3858 tangit
2331 3765 2595 3835 orbem
2643 3784 2904 3854 terrae,
2980 3787 3147 3841 tum
3190 3794 3314 3840 aer
3343 3770 3450 3841 'ab
3518 3769 3669 3842 sole
3735 3776 4174 3867 percalefac-

930 3899 947 3913 '
1052 3924 1172 3977 tus
1230 3931 1405 3977 cum
1458 3908 1754 3979 roribus
1805 3934 1899 3979 ex
1950 3874 2151 3979 terra
2197 3910 2406 4003 tollit
2450 3912 2825 3983 humores.
2963 3915 3179 3987 Licet
3246 3935 3322 3988 et
3402 3943 3499 3988 ex
3561 3905 3854 3993 balneis·
3920 3950 4170 3998 exem·

1051 4052 1268 4148 plum
1316 4077 1610 4147 capere:
1656 4055 1910 4128 nullae
1961 4058 2161 4127 enim
2200 4080 2551 4144 camerae,
2604 4083 2790 4152 quae
2835 4061 3006 4133 sunt
3050 4026 3569 4151 caldariorum,
3620 4066 3834 4161 supra
3885 4070 3957 4141 se
4003 4062 4165 4166 pos:

1049 4198 1221 4270 sunt
1261 4199 1534 4272 habere
1580 4202 1845 4291 fonteS,
1883 4203 2008 4274 sed
2051 4205 2345 4276 coelum
2397 4204 2599 4298 quod
2646 4201 2745 4276 est
2794 4209 2926 4294 ibi,
3000 4234 3095 4279 ex
3155 4209 3600 4305 praefurniis
3656 4213 3745 4283 ab
3794 4215 3982 4309 ignis
4039 4242 4162 4287 va·

1043 4372 1228 4441 pore
1272 4349 1859 4442 percalefactum,
1917 4353 2223 4447 corripit
2287 4376 2382 4422 ex
2443 4354 2884 4444 pavimentis
2946 4381 3230 4451 aquam,
3323 4377 3399 4429 et
3474 4359 3716 4430 aufert
3771 4359 4019 4433 fecum
4079 4366 4154 4436 in

1178 4661 1232 4718 ι)
1305 4654 1451 4710 cod.
1482 4675 1589 4711 ms.
1625 4655 1693 4711 E.
1730 4658 1786 4711 S.
1824 4671 1882 4713 et
1922 4654 2066 4711 Cod-
2101 4655 2268 4719 Fran,
2304 4662 2577 4735 colligunt
2611 4666 3031 4722 “exhauriunt
3067 4685 3121 4722 et
3163 4674 3247 4723 ica
3288 4674 3515 4729 tollunt.
