4697 5919
1104 388 1194 453 32.
1606 369 1721 437 M.
1799 365 2348 434 v1TnUv11
2422 365 2499 432 P.
2573 347 2739 432 DE
2804 366 3711 445 ARCHITECTURA,

1103 602 1424 670 cidentes
1478 597 1568 665 ad
1617 615 1982 667 extremos
2037 597 2343 689 angulos
2413 590 2714 664 transtra
2785 594 3226 683 trajicimus
3264 597 3624 689 gradatim
3688 597 4220 667 contrahentes.

1102 755 1212 817 Ita
1256 770 1350 813 ex
1422 760 1740 836 quatuor
1798 741 2127 835 partibus
2193 741 2816 810 adaltitudinem
2873 740 4100 837 educunt*medio‘’1netas:‘quas*
4152 761 4230 811 et

1102 892 1362 961 fronde
1396 908 1470 957 et
1512 890 1678 957 luto
1730 906 2078 983 tegentes-2,
2129 882 2456 956 efficiunt
2496 860 2879 955 barbarico
2919 910 3128 955 more
3177 883 3614 956 testudinata
3650 890 3976 958 turrium
4018 892 4221 957 tecta.

1108 1036 1444 1131 Phryges
1493 1058 1706 1117 vem,
1762 1037 1909 1126 'qui
1963 1027 2482 1128 campestribus
2545 1033 2724 1101 locis
2790 1030 2956 1101 sunt
3017 1010 3467 1119 habitantes,
3510 1040 3834 1128 'Propter
3898 1036 4226 1127 inopiam

1097 1177 1447 1249 silvarum
1501 1198 1807 1274 egentes·
1841 1182 2166 1263 materia,
2192 1181 2504 1273 eligunt
2551 1180 2880 1248 tumulos
2928 1144 3315 1264 naturales,
3368 1202 3635 1272 eosque
3686 1180 3968 1249 medios
4011 1160 4228 1248 'foss'u-

1096 1351 1176 1395 ra
1224 1328 1726 1395 exinanientes
1784 1325 1860 1418 ²)
1912 1342 1987 1395 et
2033 1326 2302 1394 itinera
2355 1324 2854 1419 perfodientes
2872 1379 2904 1410 ,.
2973 1324 3285 1394 dilatant
3347 1325 3608 1420 spatia,
3683 1344 4045 1420 quant-um
4105 1350 4229 1394 na-

1096 1491 1262 1543 tura
1306 1473 1455 1541 loci
1500 1473 1802 1566 patitur.
1956 1471 2267 1566 Insuper
2313 1488 2565 1541 autem
2611 1466 2884 1566 stipites
2931 1472 3132 1541 inter
3182 1470 3252 1541 fe
3306 1472 3739 1568 religantes,
3793 1491 4020 1541 metas
4084 1467 4229 1539 effi-

1097 1617 1339 1701 ciunt,
1380 1640 1555 1709 quas
1616 1616 2100 1688 arundinibus
2152 1636 2229 1687 et
2273 1607 2678 1688 stramentis
2737 1617 2814 1710 3)
2864 1600 3213 1714 tegentes,
3265 1617 3708 1714 exaggerant
3759 1618 3974 1713 supra
4022 1618 4231 1686 habi-

1097 1763 1407 1832 tationes
1471 1763 1834 1834 maximos
1900 1785 2200 1858 grumos
2263 1790 2302 1833 e
2348 1781 2562 1835 ten-a.
2712 1773 2826 1835 Ita
2884 1765 3166 1834 hiemes
3221 1761 3693 1848 calidissimas,
3759 1759 4052 1865 aeltates
4107 1762 4231 1830 fri-

1096 1903 1483 2000 gidiffimas
1535 1902 1879 1996 efficiunt,
1931 1902 2301 1981 tectorum
2345 1902 2654 1981 ratione.
2787 1910 3165 1983 Nonnulli
3215 1936 3312 1980 ex
3353 1911 3533 1980 ulva
3584 1904 3890 2004 palustri
3937 1928 4231 2002 compo-

1095 2072 1291 2122 nunt
1340 2054 1639 2147 tuguria
1679 2072 1891 2124 tecta.
2042 2056 2263 2147 Apud
2301 2076 2572 2126 ceteras
2618 2082 2914 2158 quoque
2970 2076 3243 2149 gentes,
3294 2074 3366 2125 et
3417 2054 4029 2141 no'nn'ulla'l'oca,
4074 2054 4234 2148 p'ari

1093 2154 1460 2289 similique
1518 2199 1838 2281 ratione,
1914 2197 2239 2267 casarum
2279 2172 2776 2289 perficiuntur
2827 2168 3400 2264 constitutiones.
3479 2198 3679 2261 'Non
3721 2201 3966 2262 minus
4010 2195 4235 2261 etiam

1099 2332 1473 2453 Maffiliae
1532 2324 2121 2410 ‘animadvertere
2185 2333 2559 2430 possumus
2624 2333 2772 2407 fine
2841 2335 3111 2431 tegulis
3174 2334 3464 2405 subacta
3520 2361 3690 2407 cum
3721 2333 3971 2432 ‘paleis
4034 2355 4234 2406 terra

1095 2502 1308 2554 tecta.
1447 2480 1777 2553 Athenis
1824 2483 2202 2579 Areopagi
2280 2480 2738 2575 antiquitatis
2829 2479 3212 2575 exemplar
3298 2480 3390 2549 ad
3468 2481 3615 2553 hoc
3683 2500 3979 2577 tempus
4061 2484 4228 2552 luto

1098 2647 1398 2699 tecttun.
1501 2635 1696 2697 Item
1747 2627 1828 2695 in
1879 2626 2247 2721 Capitolio
2296 2625 2923 2696 commonefacere
2971 2620 3210 2719 potest
3251 2644 3325 2695 et
3370 2622 3775 2720 siguificare
3823 2652 4063 2699 mores
4111 2634 4234 2697 ve}

1100 2770 1380 2842 tustatis
1438 2773 1733 2842 Romuli
1781 2770 1934 2842 casa
1983 2772 2063 2840 in
2109 2796 2270 2842 arce
2322 2771 2691 2843 sacrorum
2727 2740 3135 2842 stramentis
3178 2790 3397 2842 tecta.
3513 2780 3626 2842 Ita
3671 2775 3784 2844 his
3842 2747 4092 2869 signsS,
4139 2774 4233 2843 de
4304 2834 4316 2845 .

1097 2919 1415 3012 antiquis
1469 2917 2029 2988 inventionibus
2093 2915 2641 3004 aedificiorum,
2697 2914 2797 2987 fic
2863 2940 2946 2986 ea
3008 2913 3218 2986 fuiffe
3279 2918 3797 2986 ratiocinantes
3863 2915 4233 3011 poll'umus

1092 3065 1441 3154 judicare.
1516 3111 1523 3116 ι
1588 3041 1780 3135 Cum
1819 3081 2070 3133 autem
2116 3064 2453 3154 quotidie
2505 3056 2840 3127 faciendo
2889 3059 3215 3127 tritiores
3260 3081 3519 3127 manus
3562 3058 3654 3128 ad
3693 3041 4233 3134 aedificandum

1052 3187 1578 3304 ‘perfeciss'exm
1647 3223 1722 3271 et
1771 3203 2065 3271 solertia
2139 3200 2435 3294 ingenia
2509 3199 2919 3270 exercendo
2994 3226 3131 3295 per
3190 3200 3805 3276 consuetudinem
3877 3209 3969 3278 ad
4044 3227 4233 3280 artes

1092 3341 1609 3445 pervenissent,
1678 3362 1843 3415 tum
1896 3345 2121 3413 etiam
2177 3339 2529 3414 industria
2592 3347 2673 3414 in
2738 3348 2997 3416 animis
3069 3371 3332 3415 eorum
3391 3349 3668 3437 adjecta
3724 3352 4068 3446 perfecit,
4141 3313 4233 3425 ’ut

1096 3496 1228 3588 qui
1278 3492 1583 3561 fuerunt
1628 3492 1709 3558 in
1759 3489 1876 3556 his
1917 3483 2410 3571 studiosiores,
2462 3479 2726 3584 fabros
2781 3483 2922 3556 effe
2983 3487 3055 3557 se
3121 3486 3690 3581 profiterentur:
3816 3495 4003 3564 Cum
4057 3505 4230 3592 ergo·

1094 3640 1273 3709 haec
1317 3639 1422 3706 ita
1460 3633 1737 3703 fuerint
1785 3633 2029 3724 primo
2078 3628 2489 3717 constituta,
2543 3649 2619 3702 et
2663 3649 2928 3700 ‘natura
2969 3633 3133 3701 ‘non
3182 3632 3428 3705 solum
3467 3613 3783 3710 senfibus
3829 3631 4241 3712 ornavisset-

1092 3801 1363 3879 gentcs,
1406 3775 2034 3872 quemadmodum
2059 3780 2347 3871 reliqua
2379 3776 2758 3869 a11'imalia3
2808 3774 2930 3848 fed
2960 3779 3183 3848 etiam
3215 3782 3783 3874 cogitationibus
3810 3804 3884 3855 et
3916 3785 4229 3859 confil'iis

1095 3919 1506 3997 armavisset
1556 3939 1866 4008 menteS,
1913 3940 1986 3991 et
2029 3916 2440 4011 subjeciss‘et
2484 3940 2721 3992 cetera
2774 3924 3118 3993 animalia
3168 3924 3301 3995 sub
3344 3923 3695 4019 potestati?
3712 3929 3750 3999 t*
3808 3921 3988 4002 tund⁴
4047 3958 4231 4002 vero

1096 4099 1135 4166 e
1202 4068 1802 4139 fabricationibus
1864 4064 2378 4137 aedificiorum
2423 4069 2783 4163 gradatim
2843 4065 3198 4165 ‘progressi
3250 4069 3340 4140 ad
3393 4092 3670 4147 'ceteras
3713 4083 4064 4148 ‘artes'et
4126 4078 4232 4147 di-
4339 4071 4348 4078 ’

1102 4217 1456 4311 sciplinaS,
1508 4241 1547 4284 e
1600 4213 1753 4286 fera
1798 4207 2201 4309 agrestique
2250 4216 2405 4284 vita
2447 4195 2537 4285 ad
2588 4214 3044 4289 mansuetam
3094 4216 3627 4311 perduxerunt
3669 4211 4228 4295 hmnanitatem.

1234 4522 1292 4582 2)
1363 4517 1506 4572 Cod.
1542 4535 1645 4571 ms.
1691 4531 1747 4572 et
1784 4517 1888 4571 Ed.
1926 4518 2089 4593 Sulp.
2132 4520 2464 4575 detinentes.
2553 4503 2566 4514 x

1233 4671 1291 4736 3)
1360 4668 1503 4721 le.
1542 4688 1643 4720 ms.
1682 4684 1736 4720 et
1771 4667 1876 4720 Ed.
1914 4669 2417 4745 Sullusarmentc‘s.
