4697 5919
1376 327 1379 330 >
1463 282 1816 352 LIBER
1862 281 2001 346 1x.
2115 275 2536 380 (cArUT.
2597 275 2708 370 Ι.)
2819 239 2851 339 J
2911 327 2918 336 .
3171 329 3178 332 ψ
3513 301 3649 366 203

526 516 667 584 erit
721 513 984 607 longus
1033 529 1112 579 et
1157 510 1350 598 latus
1396 509 1622 605 pedes
1674 510 1935 601 denos,
2029 506 2249 580 efficit
2297 513 2505 580 areae
2562 509 2786 603 pedes
2845 526 3164 579 centum.
3307 511 3390 592 Si
3465 534 3643 604 ergo

522 661 704 753 opus‘
748 659 976 727 fuerit
1020 681 1200 727 eum
1238 656 1640 749 duplicare,
1685 673 1762 724 et
1807 678 2052 725 aream
2098 655 2378 748 pedum
2419 656 2919 725 ducentorum
2969 657 3153 726 item
3202 681 3296 725 ex
3344 659 3643 750 paribus

518 804 878 876 lateribus
920 803 1179 889 facere,
1209 802 1740 896 'quaerendum
1784 803 1951 887 erit‚·
2005 826 2227 895 quam
2269 825 2625 895 magnum
2668 805 2859 873 latus
2902 803 3062 893 ejus
3111 801 3638 896 quadratifiat,

520 970 607 1020 ut
653 976 748 1019 ex
799 973 888 1019 eo
939 949 1239 1019 ducenti
1278 949 1512 1043 ‘pedes
1552 933 2185 1042 duplicationibus
2228 971 2442 1018 areae
2495 947 3001 1042 respondeant.
3104 949 3192 1020 Id
3221 969 3471 1021 autem
3507 978 3640 1020 nu-

519 1099 726 1166 mero
770 1118 992 1165 nemo
1042 1090 1279 1189 potest
1319 1096 2069 1187 invenirez‘namque
2117 1090 2171 1163 fi
2211 1100 2453 1165 XIIII.
2506 1090 3066 1182 constituentur,
3109 1114 3337 1166 erunt
3386 1099 3643 1168 multi·

518 1241 1030 1336 plicatipedes
1079 1247 1387 1318 CXCVI.
1485 1242 1565 1311 Si
1610 1244 1747 1311 XV
1796 1240 2021 1334 pedes
2064 1246 2406 1312 CCXXV.
2556 1249 2753 1337 Ergo
2799 1244 3156 1336 quoniam
3203 1244 3285 1313 id
3326 1268 3480 1314 non
3518 1269 3647 1315 ex-

514 1390 838 1483 plicatur
888 1411 1203 1457 numero
1246 1389 1327 1456 in
1373 1410 1463 1456 eo
1507 1385 1869 1481 quadrato
1918 1386 2146 1480 longo
2199 1404 2275 1458 et
2320 1389 2474 1457 lato
2515 1388 2737 1481 pedes
2767 1389 3031 1459 decem
3065 1389 3141 1481 (a
3171 1391 3219 1460 b
3245 1391 3411 1481 cd),
3458 1415 3644 1484 quae

516 1535 743 1605 fuerit
789 1536 988 1603 linea
1040 1534 1132 1603 ab
1184 1534 1461 1628 angulo
1512 1533 1619 1622 (b)
1667 1532 1761 1602 ad
1808 1532 2169 1627 angulum
2217 1532 2322 1621 (d)
2375 1531 2756 1628 diagonios
2789 1533 2869 1623 (b
2905 1534 2979 1623 d)
3028 1535 3497 1628 perducatur,
3527 1537 3640 1603 uti

487 1651 890 1750 ,dividatur
938 1678 1008 1769 ¹⁸¹)
1070 1680 1171 1750 in
1204 1680 1353 1749 duo
1401 1680 1694 1772 trigona
1740 1701 2019 1774 aequa·
2038 1677 2584 1771 magnitudine
2605 1676 2689 1768 (b
2722 1701 2762 1747 a
2795 1677 2844 1747 d
2889 1695 2970 1747 et
3013 1679 3063 1748 b
3090 1702 3133 1747 c
3157 1677 3269 1766 d),
3359 1676 3643 1775 fingula

515 1850 720 1895 areae
763 1823 1044 1917 pedum
1087 1825 1730 1918 quinquagenum:
1778 1821 1881 1892 ad
1918 1848 2073 1911 erus
2112 1825 2357 1904 lineae
2396 1822 2804 1918 diagonalis
2845 1823 3399 1917 longitudinem
3435 1824 3642 1892 locus

516 1968 908 2062 quadratus
951 1963 1053 2055 (b
1089 1991 1129 2034 e
1163 1966 1200 2033 f
1218 1966 1320 2056 d)
1368 1968 1668 2059 paribus
1718 1959 2075 2034 lateribus
2132 1965 2609 2034 describatur.
2721 2018 2726 2024 .
2757 1974 2871 2036 Ita
2912 1991 3136 2057 quam
3178 1991 3442 2062 magna
3487 1967 3640 2037 duo
3671 2024 3677 2029 .

514 2113 807 2206 trigona
852 2112 934 2180 in
972 2110 1267 2179 minore
1316 2108 1678 2203 quadrato
1726 2107 2338 2202 quinquagenum
2367 2106 2667 2202 pedum
2730 2107 2928 2176 linea
2963 2107 3318 2202 ‘diagonia
3357 2109 3641 2179 fuerint

493 2246 897 2351 ’defign‘atm
938 2252 1210 2323 eadem
1252 2251 1789 2346 magnitudine,
1838 2267 1919 2319 et
1965 2251 2230 2320 eodem
2277 2251 2560 2344 pedum
2603 2276 2919 2340 numero
2962 2269 3287 2345 quatuor
3346 2254 3426 2321 in
3489 2277 3642 2322 ma-

513 2403 673 2492 jore
717 2417 941 2470 erunt
980 2395 1259 2470 effecta.
1360 2402 1525 2469 Hac
1573 2396 1864 2472 ratione
1908 2394 2322 2487 duplicatio
2369 2397 2793 2491 grammicis
2822 2365 3255 2470 rationibus
3301 2421 3347 2468 a
3394 2400 3640 2470 Plato-

512 2573 629 2635 ne,
681 2548 797 2618 uti
844 2541 946 2619 est
992 2543 1282 2618 schema
1327 2541 1837 2636 subscriptum,
1879 2537 2023 2609 fuit
2060 2540 2445 2636 explicata.

1718 2794 2169 2888 (CAPUT
2264 2770 2422 2892 1⁴1.)

511 2983 726 3093 Item
784 3015 1260 3116 Pythagoras
1299 3032 1641 3082 normam
1687 3008 1836 3082 fine
1884 3009 2185 3083 artificis
2228 3009 2838 3084 fabricationibus-
2876 3012 3257 3083 inventam
3300 3010 3634 3103 ostendit,

514 3188 591 3240 et
632 3187 854 3261 quam
896 3178 1169 3254 magno
1216 3159 1473 3243 labore
1521 3157 1709 3226 fabri
1756 3180 2098 3227 normam
2149 3157 2495 3235 facientes
2563 3158 2697 3225 vix
2760 3158 2854 3228 ad
2907 3183 3174 3228 verum
3235 3136 3636 3252 perducere

512 3307 831 3408 poffunt,
894 3268 1003 3375 id
1048 3301 1465 3372 rationibus
1512 3299 2004 3370 etmethodis
2047 3299 2529 3370 emendatum
2579 3325 2675 3369 ex
2726 3302 2885 3390 ejus
2932 3304 3341 3396 praeceptis
3401 3306 3635 3399 expli·

513 3476 741 3527 catur.
840 3457 1185 3541 Namque
1242 3442 1294 3514 fi
1344 3442 1726 3514 sumantur
1774 3441 2075 3536 regulae
2122 3455 2290 3523 tres,
2393 3464 2436 3510 e
2501 3441 2769 3533 quibus
2832 3464 2983 3510 una
3042 3441 3129 3510 fit
3183 3447 3405 3536 pedes
3463 3467 3632 3535 tres,

512 3605 549 3695 <
552 3611 611 3674 Α
637 3607 735 3683 B)
781 3598 879 3688 **)
931 3596 1160 3664 altera
1209 3587 1435 3684 pedes
1478 3604 1821 3681 quatuor,
1871 3586 1961 3673 (A
1984 3585 2070 3676 C)
2098 3584 2319 3654 tertia
2366 3582 2590 3678 pedes
2642 3585 2974 3681 quinque
3021 3586 3106 3678 (C
3133 3587 3270 3678 B):
3344 3589 3632 3685 haeque

510 3748 810 3844 regulae
858 3734 1055 3811 inter
1106 3737 1178 3808 se
1218 3726 1682 3828 conipofflae·
1711 3749 2016 3828 tangant
2056 3732 2199 3800 alia
2248 3730 2472 3801 aliam
2513 3728 2659 3800 suis
2705 3732 3212 3819 cacuminibus
3259 3740 3630 3824 extremis»,

513 3894 804 3966 schema
849 3885 1208 3957 habentes
1251 3882 1537 3976 trigoni
1581 3879 1680 3971 (A
1709 3887 1768 3951 B
1802 3879 1911 3969 C),
1966 3876 2498 3949 deformabunt
2544 3900 2887 3948 normam
2933 3878 3416 3950 emendatam.
3515 3884 3632 3954 Ad

515 4064 630 4111 eas
680 4051 930 4106 autem
969 4030 1402 4123 regularum
1444 4023 1894 4121 singularum
1940 4023 2464 4119 longitudineS,
2509 4019 2565 4094 fi
2609 4020 2892 4119 fingula
2937 4023 3286 4118 quadrata
3331 4029 3630 4121 pari-bus

511 4183 870 4255 lateribus
918 4175 1449 4259 describantur,
1496 4171 1698 4266 quod
1749 4172 1889 4240 erit
1935 4169 2214 4263 pedum
2262 4169 2497 4240 trium
2544 4172 2759 4255 laum,
2794 4171 2887 4260 (A
2915 4178 2977 4242 B
3011 4176 3088 4243 D
3111 4174 3196 4260 E)
3248 4197 3456 4244 areae
3501 4167 3651 4244 ha-⁴

512 4328 725 4400 bebit
769 4324 989 4420 pedes
1037 4344 1346 4394 novem:
1402 4317 1604 4415 quod
1652 4306 2156 4410 erit'quatuor
2208 4318 2293 4405 (A
2325 4322 2461 4388 OF
2489 4310 2606 4409 G),
2657 4315 3059 4393 sexdecim:
3160 4318 3359 4414 quod
3413 4322 3624 4414 quin-

641 4614 699 4677 o)
763 4611 973 4663 Forma
1007 4591 1065 4660 1‚'
1178 4639 1185 4647 .
1252 4640 1259 4647 ,
1324 4624 1443 4653 mn.
1608 4603 1992 4666 .?‘)-„Forma
2030 4602 2141 4654 11..
2310 4644 2376 4655 ,.

704 4757 927 4817 Vtra.
996 4752 1202 4816 ΤοΜ.
1251 4750 1348 4815 11.
3214 4744 3322 4807 26.
