4697 5919
1099 363 1193 426 49.
1605 348 1723 414 M.
1787 344 2334 415 VITRUVII
2401 342 2485 407 P.
2582 345 2732 407 DE.
2789 344 3725 415 ARCHITECTURA

1110 576 1499 662 veniormn
1552 545 1943 645 vacuitates
1991 593 2370 663 occupans,
2418 568 2753 639 fervescit
2797 589 2872 639 et
2921 567 3138 640 efficit
3189 595 3270 639 ea
3314 570 3454 640 suis
3503 572 3830 641 ardentia
3895 579 4221 669 corpori-

1112 720 1249 790 bus
1289 720 1572 795 fimilia.
1672 728 1855 791 Sunt
1901 740 2077 785 vero
2127 717 2312 785 item
2359 718 2806 811 lapicidinae·
2849 717 3259 809 complures
3307 715 3387 783 in
3425 711 3703 785 finibus
3750 722 4222 811 Tarquinien-

1093 859 1314 961 stum,
1343 894 1526 963 quae
1558 869 1905 935 ‹lictuitur
1928 862 2343 953 Anicianae,
2389 867 2634 934 colore
2665 862 2985 955 quidem,
3014 858 3638 952 quemadmodum
3667 861 4016 949 Albanae,
4048 856 4226 956 qua·¹

1114 1037 1279 1079 rum
1343 1008 1671 1079 officinae
1725 1010 2049 1079 maxime
2111 1008 2277 1077 sunt
2337 1009 2522 1076 circa
2599 1008 2844 1073 lacum
2915 1008 2999 1071 V
2991 994 3456 1102 ussnienfi’m,
3511 1005 3700 1073 item
3759 1005 4215 1098 praefectura

1114 1145 1555 1248 Statonietfi.
1654 1162 1799 1222 Eae
1851 1173 2099 1261 autem
2145 1153 2425 1221 habent
2472 1146 2796 1219 infinitas
2850 1148 3198 1217 virtutes:
3268 1172 3510 1240 neque
3559 1151 3762 1217 enim
3809 1152 3925 1222 his
3973 1157 4220 1247 gelici-

1112 1295 1405 1364 diorum
1448 1294 1847 1386 temp1stas
1934 1317 2177 1384 neque
2237 1312 2469 1361 tactus
2520 1294 2703 1386 ignis
2745 1288 2998 1386 potest
3027 1317 3328 1384 nocere3
3422 1292 3543 1419 sed
3601 1290 3770 1362 sunt
3839 1294 4095 1385 filinae
4147 1318 4220 1368 et

1114 1441 1199 1509 ad
1252 1434 1681 1509 vetustatem
1729 1439 1895 1509 ideo
1949 1453 2496 1532 permanentes;
2560 1438 2761 1531 quod
2808 1463 3069 1569 parum
3118 1439 3395 1518 habent
3456 1465 3495 1507 e
3560 1458 3862 1555 naturae
3922 1444 4221 1513 mixtio-

1111 1611 1201 1650 ne
1262 1590 1440 1652 ae'ris
1506 1603 1580 1651 et
1637 1588 1862 1678 ignis,
1921 1581 2253 1651 himioris
2305 1600 2555 1651 autent
2594 1564 3035 1680 tempeiate,
3100 1587 3662 1707 plurimumque
3719 1590 4030 1681 terreni:
4119 1592 4220 1658 ita

1108 1719 1323 1817 spissis
1396 1727 2021 1818 compactionibus
2089 1726 2438 1797 solidatae
2498 1755 2743 1823 neque
2811 1733 2916 1801 ab
2959 1692 3511 1823 tempestatibus
3574 1756 3815 1833 neque
3879 1734 3968 1801 ab
4033 1738 4218 1855 ignis

1007 1918 1015 1924 -
1112 1870 1572 1940 vehementia
1623 1888 2009 1942 nocentur.
2154 1872 2242 1942 Id
2290 1893 2542 1949 autem
2587 1879 2909 1945 maxime
2975 1864 3301 1966 judicare
3361 1877 3542 1944 licet
3596 1901 3638 1944 e
3699 1846 4220 2017 monumentIS,

1112 2037 1295 2106 quae
1346 1986 1512 2085 sunt
1564 1984 1753 2085 circa
1796 2018 2295 2111 municipium
2348 2024 2659 2091 Ferentis
2709 2046 2808 2090 ex
2850 2023 2966 2091 his
3012 2021 3200 2119 facta
3245 1998 3728 2115 lapicidinis;
3748 2046 4070 2116 namque
4093 2026 4219 2093 ha-

1112 2161 1293 2231 bent
1334 2182 1407 2233 et
1449 2160 1703 2234 statuas
1744 2164 2012 2256 amPlas
2077 2163 2297 2232 factas
2344 2166 2655 2258 egregie,
2753 2183 2827 2233 et
2881 2166 3175 2233 minora
3224 2163 3501 2257 figilla,·
3564 2163 3926 2252 floresque
3995 2187 4070 2233 et
4145 2193 4214 2267 a:

1113 2310 1415 2374 canthos
1466 2310 1841 2398 eleganter
1887 2305 2219 2398 scalptos,
2294 2329 2480 2395 quae
2544 2326 2732 2375 cum
2762 2300 2902 2368 [int
2950 2297 3256 2385 vetusta,
3349 2297 3442 2367 stc
3489 2320 3841 2393 apparent
3879 2280 4217 2393 recentia,

1114 2450 1225 2514 uti
1269 2446 1321 2516 si
1374 2447 1508 2553 sint
1545 2450 1771 2519 modo
1822 2449 2031 2518 facta-
2125 2455 2303 2518 Non
2353 2448 2604 2516 minus.
2640 2446 2868 2513 etiam
2926 2444 3116 2513 fabri
3170 2445 3432 2513 aerarii
3477 2443 3567 2512 de
3630 2446 3743 2515 his
3805 2424 4218 2541 lapicidinis

1112 2592 1191 2657 in
1243 2595 1422 2662 aeris
1471 2558 1735 2662 llattlra
1776 2592 2362 2663 formas'habent
2411 2608 2877 2685 comparatas,
2966 2608 3040 2659 et
3099 2616 3195 2660 ex
3252 2592 3366 2660 his
3428 2589 3518 2658 ad
3577 2615 3690 2663 aes
3752 2592 4220 2667 fundendum

1116 2741 1463 2809 maximas
1512 2739 1893 2821 utilitates,
1933 2763 2118 2847 quae
2162 2736 2214 2806 fi
2262 2761 2496 2833 prope
2562 2737 2832 2807 Urbem
2878 2731 3131 2821 effent,
3197 2736 3507 2830 dignum
3550 2731 3741 2823 esset,
3833 2757 3920 2807 ut
3969 2712 4062 2809 ex
4106 2742 4219 2813 his

1116 2878 1416 2984 officinis
1478 2885 1727 2952 omnia
1785 2908 2007 2977 opera
2067 2856 2628 2978 perficerentur.
2741 2890 2929 2986 Cum
2979 2905 3156 2976 ergo
3221 2900 3527 2975 piopter
3586 2886 4222 2976 propinquitatem

1110 2999 1472 3096 necessitas
1520 3049 1729 3124 cogat
1756 3055 1867 3097 -ex
1903 3031 2146 3100 rubiis
2177 3029 2624 3122 lapicidinis
2667 3046 2741 3092 et
2770 3017 3211 3115 Allien-slata,
3263 3039 3336 3087 et
3385 3047 3568 3111 quae
3612 3024 3780 3092 sunt
3825 3026 4007 3095 orbi
4053 3054 4220 3119 pro·

1122 3174 1386 3256 ximae,
1435 3176 1665 3263 copiis
1714 3176 1849 3254 uti,
1889 3170 1943 3236 ss
1985 3135 2115 3258 qui
2164 3168 2545 3233 voluerint
2594 3163 2742 3231 fine
2793 3164 2993 3230 vitiis
3041 3159 3414 3255 perficere,
3462 3166 3562 3233 ita
3611 3170 3749 3237 erit
3796 3171 4219 3264 praeparan-

1111 3315 1312 3383 dum.
1415 3319 1599 3388 Cum
1646 3304 2186 3375 aedificandum
2228 3307 2483 3392 fuerit,
2538 3323 2714 3375 ante
2746 3307 3140 3374 biennium
3178 3332 3260 3374 ea
3307 3306 3470 3377 saxa
3521 3336 3674 3378 non
3724 3314 3991 3400 hieme,
4092 3319 4213 3442 sed

1112 3431 1373 3522 aestate
1432 3413 1880 3536 eximantur,
1978 3470 2053 3520 et
2140 3450 2458 3538 jacentia
2540 3465 3017 3541 pennaneant
3085 3425 3189 3513 in*
3229 3450 3408 3518 locis
3461 3459 3932 3542 patentibus·
4024 3486 4207 3549 quae

1109 3617 1355 3668 autem
1398 3621 1441 3664 a
1478 3591 2023 3691 tempestatibus
2063 3620 2151 3662 eo
2202 3594 2506 3661 biennio
2561 3610 2756 3696 tacta
2817 3591 3007 3661 laesa
3067 3590 3364 3676 fuerint,
3450 3619 3531 3660 ea
3595 3597 3672 3662 in
3735 3597 4210 3692 fundamenta

1109 3743 1637 3833 conjiciantur.
1688 3756 1936 3806 cetera
1972 3761 2155 3831 quae
2201 3763 2356 3807 non
2394 3756 2610 3810 erunt
2653 3739 2927 3819 vitiata,
2980 3737 3069 3803 ab
3120 3754 3376 3804 natura
3424 3763 3677 3844 renun
3710 3743 4034 3833 probata,
4079 3750 4209 3833 du3

1105 3914 1271 3958 rare
1311 3850 1664 3979 poterunt
1704 3881 1917 3975 supra
1961 3901 2231 3952 terram
2282 3879 2696 3950 aedificata:
2763 3908 2896 3950 nec
2942 3882 3177 3949 solum
3241 3908 3319 3950 ea
3387 3885 3466 3950 in
3526 3887 3892 3978 quadratis
3950 3892 4216 3986 lapidi-

1107 4035 1243 4102 bus
1290 4031 1457 4099 sunt
1505 4014 1971 4112 observanda,
2017 4028 2140 4096 sed
2188 4028 2416 4095 etiam
2451 4028 2537 4095 in
2580 4029 3066 4097 caementitiis
3109 4022 3510 4098 structuris.

3183 4256 3226 4294 b!
