4697 5919
1015 448 1021 456 .
1127 373 1261 441 128
1626 360 1739 429 Μ.
1815 360 2370 429 VITRUVII
2442 360 2522 426 P.
2599 362 2752 428 DE
2827 362 3743 432 ARCHITECTURA
3835 380 3842 385 ¹

1066 683 1072 690 ι
1129 616 1265 661 nus
1327 615 1490 660 eam
1536 588 1971 661 sententiam
2030 588 2368 685 augendo
2423 578 2823 684 ''lee'ophra
2862 576 3013 678 tusi,
3055 574 3502 663 ’Ϊιὸῖῖῖιίὶᾶόέ
3531 574 3948 686 '''1)'50'‹':t''05
3985 570 4257 688 'fio-tius

1108 732 1263 807 esse
1312 762 1534 832 quam
1580 740 1936 831 pecuniae
1984 734 2475 823 confidentes,
2525 738 2628 806 ita
2676 739 2927 831 ponit:
3034 743 3363 809 Doctum
3425 766 3520 809 ex
3576 742 3920 811 omnibus
3977 739 4256 828 solum,

1121 909 1362 987 neque
1407 884 1483 951 in
1533 885 1788 953 alienis
1840 884 2024 953 locis
2068 883 2586 977 peregrinum,
2650 909 2896 977 neque
2915 879 3205 952 ’amissis
3263 860 3755 955 familiarilms
3812 903 3885 955 et
3949 882 4257 955 neceffa-

1116 1004 1246 1100 riis
1289 1030 1594 1123 inopem
1641 1030 2089 1129 amicorum,
2141 1028 2266 1098 sed
2311 1030 2393 1123 in
2445 1030 2653 1099 omni
2697 1030 2994 1099 civitate
3039 1023 3180 1098 effe
3234 1031 3510 1115 civem,
3580 1027 4063 1126 difficilesque
4112 1031 4258 1100 sor-

1120 1195 1344 1246 tunae
1421 1172 1567 1245 fine
1629 1177 1901 1245 timore
1965 1170 2164 1269 poffe
2228 1174 2598 1268 despicere
2655 1171 2888 1264 casus;
2987 1192 3060 1244 at
3115 1176 3241 1268 qui
3310 1200 3463 1245 non
3529 1175 4070 1263 doctrinarum,
4137 1174 4258 1245 sed

1121 1321 1492 1393 felicitatis
1541 1318 1911 1416 praesidiis
1962 1338 2258 1415 putaret
2304 1319 2381 1391 se
2432 1316 2573 1392 esse
2622 1321 3016 1407 vallatum,
3064 1320 3330 1392 labidis
3396 1322 3791 1393 itineribus
3840 1322 4256 1406 vadentem,

1116 1497 1271 1541 non
1305 1464 1559 1543 <stabili
1610 1467 1733 1539 sed
1783 1465 2085 1551 infirma
2136 1467 2554 1543 conflictari
2609 1468 2784 1543 vita.
2940 1470 3303 1563 Epicurus
3355 1493 3540 1549 vero
3597 1494 3754 1543 non
3816 1465 4258 1565 dissimiliter

1124 1618 1259 1685 ait:
1342 1610 1593 1685 ‘Pauca
1636 1614 2086 1705 sapientibus
2129 1614 2508 1684 fortunam
2544 1613 2902 1699 tribuere,
2965 1638 3152 1709 quae
3203 1632 3457 1683 autem
3515 1616 3844 1699 maxima
3896 1626 3980 1685 et·
4017 1612 4258 1685 neces-

1125 1759 1302 1829 saria
1351 1757 1540 1845 sunt,
1586 1757 1818 1827 animi
1866 1761 2286 1854 mentisque
2339 1759 2918 1861 cogitationibus
2964 1760 3399 1854 gubernari.
3503 1766 3709 1830 Haec
3753 1762 3856 1828 ita
3905 1755 4044 1830 ess'e
4081 1761 4250 1854 plu-

1117 1932 1231 1977 res
1272 1903 1705 1999 philosophi
1756 1903 2136 1975 dixerunt.
2236 1913 2416 1977 Non
2464 1906 2710 1975 minus
2753 1906 2982 1975 etiam
3025 1922 3328 2000 poetae,
3394 1882 3526 1998 qui
3587 1905 3920 1998 antiquas
3970 1927 4260 1981 comoe-

1036 2073 1043 2079 ’
1119 2053 1273 2123 dias
1342 2074 1599 2146 graece
1653 2048 2117 2145 scripserunt,
2168 2050 2464 2119 easdem
2515 2025 2906 2119 sententias
2948 2048 3285 2120 versibus
3335 2052 3414 2118 in
3461 2050 3674 2120 scena
3723 2049 4274 2144 pronunciave-

1116 2214 1335 2288 runt3
1424 2212 1513 2283 ut
1584 2198 1972 2280 EucrateS,
2058 2194 2482 2282 Chionides,
2556 2185 3109 2290 Aristophanes,
3183 2196 3507 2262 maxime
3589 2196 3814 2261 etiam
3885 2218 4057 2261 cum
4136 2194 4255 2261 his

1118 2344 1403 2427 Alexis,
1454 2341 1585 2433 qui
1630 2333 2089 2439 Athenienses
2127 2339 2235 2406 ait
2274 2338 2446 2407 ideo
2487 2354 2839 2429 oportere
2895 2336 3218 2420 laudari,
3282 2335 3484 2428 quod
3537 2336 3882 2404 omnium
3950 2338 4257 2406 Graeco-

1131 2515 1302 2560 rum
1350 2486 1549 2579 leges
1599 2499 1874 2577 cogunt
1923 2500 2263 2576 parentes
2307 2482 2407 2549 ali
2462 2505 2501 2549 a
2555 2481 2851 2566 liberis,
2936 2473 3480 2577 Atheniensium
3536 2506 3693 2551 non
3745 2504 4052 2564 omnes,-
4121 2476 4261 2550 nist

1132 2657 1278 2730 eps,
1330 2631 1461 2724 qui
1511 2628 1792 2698 liberos
1840 2596 2604 2721 artibus‘erudiffents
2741 2626 3006 2701 Omnia
3065 2627 3266 2697 enim
3316 2636 3628 2695 munera
3683 2625 4023 2697 fortunae
4083 2651 4264 2696 cum

1127 2779 1433 2878 ‹la-ntur,
1478 2773 1573 2843 ab
1615 2798 1696 2842 ea
1752 2771 2106 2841 facillime
2150 2772 2630 2862 adimuntur3
2689 2746 3118 2865 ,disciplinae
3165 2794 3346 2840 vero
3397 2770 3831 2860 conjunctae
3882 2794 4056 2840 cum
4104 2772 4262 2841 ani-

1120 2926 1259 2996 mis
1316 2921 1534 2994 nullo
1586 2937 1924 3016 tempore
1982 2914 2378 3004 deficiunt,
2460 2916 2585 2987 sed
2634 2930 3082 3013 permanent
3135 2876 3497 2988 stabiliter
3552 2915 3644 2986 ad
3698 2892 4073 2988 summum
4113 2944 4260 2989 lex-

1117 3075 1310 3143 itum
1357 3068 1574 3138 vitae.
1614 3043 1621 3060 ²
3335 3045 3342 3054 ’
4025 3045 4030 3052 “

1144 3225 1153 3232 ’
1200 3233 1247 3255 ·'
1318 3223 1323 3232 ’
1388 3217 1689 3305 'Itaque
1749 3231 1884 3303 ego
1940 3181 2296 3277 maximas
2345 3197 2817 3299 infinitasque
2869 3199 3300 3300 parentibus
3346 3209 3486 3305 ago‘
3533 3218 3757 3302 atque
3801 3209 4048 3282 habeo
4093 3235 4260 3307 gra-

1116 3323 1290 3444 tias,
1354 3325 1557 3450 'quod
1614 3345 2151 3449 Athenietfium
2209 3353 2458 3446 legem
2518 3351 2920 3448 probantes
2992 3378 3112 3422 me
3183 3320 3339 3422 arte
3405 3325 3899 3442 erudiendum
3953 3359 4258 3428 curave-

1122 3517 1337 3587 runt,
1410 3501 1512 3570 ”et
1577 3523 1691 3586 ea,
1788 3522 1975 3592 quae
2035 3521 2189 3565 non
2255 3492 2494 3590 potest
2556 3481 2695 3567 effe
2760 3489 3073 3591 probata
3120 3493 3269 3568 sme
3320 3499 3708 3569 literatura
3755 3504 4251 3597 encyclioque

1125 3650 1634 3722 doctrinarum
1683 3635 2023 3715 omnium
2069 3640 2472 3738 disciplina.
2603 3648 2788 3714 Cum
2838 3664 3015 3737 ergo
3084 3659 3159 3711 et
3219 3631 3616 3738 parentum
3680 3625 3854 3716 cura
3911 3663 3985 3716 et
4036 3629 4270 3740 Prae..

1118 3788 1508 3892 ce'pto‘rum
1568 3777 1934 3861 'doctrinis'
1990 3806 2231 3861 auctas
2299 3789 2660 3859 haberem
2733 3787 2972 3882 copias
3037 3777 3626 3883 disciplinarum,
3691 3793 4099 3889 philologis
4172 3812 4251 3864 et

1122 3939 1627 4039 philotechnis
1678 3935 1902 4007 rebus
1953 3935 2809 4028 commentariorumque
2834 3925 3237 4029 ‘scripturis
3283 3962 3404 4006 me
3452 3936 3852 4024 delectans,
3917 3939 4034 4009 eas
4089 3937 4250 4034 pos-

1126 4084 1454 4160 sessiones
1505 4083 1753 4153 animo
1803 4063 2078 4177 paravi,
2130 4108 2171 4154 e
2221 4081 2492 4178 quibus
2542 4080 2724 4150 haec
2775 4073 2873 4151 e'st
2925 4077 3313 4152 fructuum
3364 4083 3680 4155 summa:
3744 4085 4032 4154 nullam
4077 4085 4249 4177 plus

1121 4234 1447 4307 habendi
1495 4226 1989 4322 necessitatem
2036 4252 2345 4322 eamque
2398 4222 2536 4297 effe
2575 4228 3112 4322 proprietatem
3155 4215 3587 4300 divitiarum
3633 4231 3986 4315 maxime,
4050 4229 4249 4302 nihil

1124 4379 1549 4454 desiderare.
1648 4376 1833 4448 *Sed
1900 4375 2091 4446 forte
2149 4374 2500 4444 nonnulli
2559 4374 2743 4445 haec
2816 4375 3012 4444 levia
3071 4374 3512 4466 judicantes,
3587 4395 3852 4470 putant
3921 4401 4044 4447 eos
4107 4370 4246 4445 effe

1256 4645 1313 4714 ι)
1382 4640 1529 4703 cod,
1574 4655 1678 4702 ms,
1721 4650 1777 4689 et
1822 4636 1891 4689 E.
1927 4635 1981 4688 S.
2020 4634 2319 4691 hortando.
