4697 5919
1334 298 1687 367 LIBER
1754 297 1899 364 1x.
2011 293 2392 363 CAPUT
2452 292 2578 363 Ἦ.
2680 291 2899 384 (tx.)
3357 311 3364 321 ·
3430 359 3444 372 ,
3538 312 3672 377 ως,

557 535 645 619 ri,
684 528 858 602 alias
900 527 1151 597 minor
1198 525 1278 595 in
1330 521 1893 609 versationibus,
1955 521 2096 594 suis
2171 490 2630 617 temporibus
2698 519 3020 620 designet
3083 525 3440 596 horarum
3503 546 3671 616 pro·

553 682 926 773 prietates,
1021 672 1367 763 Namque
1417 673 1499 739 in
1544 663 1846 765 lingulis
1889 665 2265 764 [ignis-sui
2308 667 2665 763 cujusque
2713 665 2974 740 mensis
3003 723 3004 726 η
3031 671 3323 741 dierum
3381 668 3674 738 numeri

556 845 730 892 cava
783 819 953 891 sunt
1000 812 1344 911 perfecta,
1396 789 1607 906 cuius
1656 815 1888 902 bulla,
1937 821 2128 909 quae
2173 814 2347 886 solis
2385 814 2786 911 imaginem
2836 815 3246 910 horologiis
3283 833 3536 884 tenere
3566 815 3674 883 vi-

554 964 797 1051 detur,
844 959 1198 1059 fignificat
1245 961 1604 1031 horarum
1652 957 1917 1055 spatia:
2007 983 2090 1030 ea
2128 960 2478 1032 translata
2536 984 2646 1031 ex.
2681 961 3180 1033 terebratione
3227 963 3304 1030 in
3354 961 3674 1030 terebra-

552 1113 838 1182 tionem
899 1101 1159 1180 m'enfis
1218 1103 1577 1177 vertentis
1639 1104 1934 1202 perficit
1995 1105 2292 1178 cursum
2356 1104 2588 1180 suum.
2635 1203 2640 1208 ι
2729 1117 2997 1206 Itaque
3050 1101 3673 1204 quemadmodum

507 1291 511 1296 ·
552 1257 661 1328 sol
701 1279 839 1351 per
882 1251 1199 1326 siderum
1250 1250 1474 1348 spatia
1512 1250 1806 1338 vadem,
1854 1251 2114 1323 dilatat
2159 1255 2680 1351 contrahitque
2731 1237 2895 1351 dies
2940 1273 3015 1326 et
3051 1256 3294 1342 horas,
3336 1252 3672 1328 ficbulla

550 1377 641 1474 iit
679 1398 1097 1496 horologiis
1143 1397 1559 1495 ingrediens
1623 1422 1759 1495 per
1821 1415 2098 1494 puncta
2154 1420 2415 1471 contra
2468 1403 2708 1474 centri
2760 1402 3100 1498 tympani
3161 1402 3676 1482 versationem,

552 1545 885 1643 quotidie
932 1568 1102 1616 cum
1155 1533 1595 1617 transfertur
1636 1545 1800 1624 aliis
1838 1543 2301 1641 temporibus
2346 1571 2485 1641 per
2528 1548 2816 1635 latiora,
2877 1550 3037 1619 aliis
3087 1571 3223 1642 per
3264 1541 3675 1640 angustiora

550 1695 794 1789 spatia,
830 1685 1241 1764 -menstruis
1286 1657 1754 1764 finitionibus
1796 1690 2151 1787 imagines
2203 1685 2426 1764 efficit
2474 1692 2832 1763 horarum
2883 1707 2958 1763 et
3008 1693 3320 1763 dierum.
3375 1695 3509 1760 ‘De
3559 1684 3680 1756 ad-

547 1837 1085 1910 ministratione
1133 1854 1383 1908 autem
1428 1860 1681 1930 aquae,
1758 1835 2385 1929 quemadmodum
2437 1835 2507 1907 se
2556 1853 2924 1932 temperet
2970 1836 3072 1907 ad·
3103 1837 3487 1917 rationem,
3583 1826 3677 1901 fic

551 1980 694 2051 erit
748 1976 1185 2050 faciendum,
1299 1975 1465 2050 Post
1515 1977 1846 2049 frontem
1896 1978 2295 2072 horologii,
2397 1980 2591 2050 intra
2645 1959 3060 2052 collocetur
3102 1977 3505 2064 castellum,
3591 1979 3672 2045 in

548 2121 777 2218 idque
818 2150 952 2216 per
996 2117 1323 2230 fistulam
1365 2119 1573 2192 saliat
1620 2140 1831 2212 aqua,
1893 2138 1966 2190 et
2012 2117 2093 2190 in
2134 2121 2288 2191 imo
2345 2121 2615 2193 habeat
2678 2146 2965 2199 cavum·
3110 2122 3227 2193 Ad
3279 2117 3358 2191 icl
3424 2136 3674 2190 autem

547 2266 847 2339 affixum
896 2261 983 2335 fit
1035 2289 1130 2334 ex
1179 2291 1348 2333 aere
1394 2280 1838 2357 tympanum
1882 2263 2158 2334 habens
2206 2262 2561 2353 foramen,
2624 2291 2758 2361 per
2806 2269 3010 2362 quod
3073 2269 3168 2337 eit
3235 2260 3527 2336 castello
3589 2265 3671 2333 in

544 2411 623 2484 id
672 2435 860 2507 aqua
908 2406 1193 2482 influat,
1293 2416 1383 2479 In
1428 2432 1517 2478 eo
1568 2426 1829 2502 autent
1864 2407 2109 2480 minus
2159 2425 2606 2506 tympanum
2658 2412 3082 2483 includatur
3121 2412 3539 2482 cardinibus
3574 2433 3670 2478 ex

544 2575 785 2643 torno,
868 2552 1198 2626 masculo
1263 2569 1337 2624 et
1408 2553 1680 2622 femina
1739 2553 1935 2623 inter
1997 2553 2067 2624 se
2138 2556 2501 2642 coartati5‚
2598 2559 2698 2628 ita
2747 2558 2861 2628 uti
2909 2558 3153 2628 minus
3200 2575 3670 2651 tympanum,

544 2697 1171 2806 quemadmodum
1201 2692 1691 2789 epistomium‚
1740 2698 1819 2763 in
1866 2693 2145 2784 majore
2198 2699 2760 2794 circumagendo
2809 2722 2966 2771 arte
3022 2703 3440 2792 leniterque
3503 2724 3666 2768 ver-

542 2848 763 2925 setun
828 2841 1171 2933 2Majoris
1224 2825 1473 2910 autem
1516 2840 1858 2932 tympani
1909 2839 2212 2909 labrum
2264 2845 2515 2935 aequis
2557 2843 2970 2913 intervallis
3018 2850 3390 2916 CCCLXV
3434 2869 3665 2938 punc-

540 3007 615 3063 ta
654 2992 920 3061 habeat
960 2986 1268 3086 signata:
1316 2988 1565 3057 minor
1616 2968 1805 3055 vero⁸
1850 2986 2233 3056 orbiculus
2273 2986 2354 3057 in
2397 3007 2728 3060 extrema
2775 2990 3247 3061 circinatione
3276 2990 3507 3061 fixam
3537 2990 3666 3057 ha-

540 3136 708 3207 beat
750 3134 1132 3229 lingulam,
1184 3130 1394 3221 cujus
1441 3157 1795 3202 cacumen
1838 3132 2107 3226 dirigat
2149 3130 2241 3203 ad
2281 3152 2736 3226 punctorum
2799 3138 3156 3231 regiones.
3270 3144 3509 3228 Inque
3570 3154 3658 3201 eo

541 3278 883 3352 orbiculo
932 3292 1426 3369 temperatum
1474 3272 1561 3343 fit
1612 3274 2176 3367 fol-amensquia
2232 3280 2307 3359 9)
2365 3282 2943 3369 in‘tymp'anum
2991 3302 3177 3373 aqua
3215 3276 3468 3349 influit
3528 3297 3667 3372 per
3697 3280 3721 3311 ⁷

368 3446 377 3455 ”
472 3462 477 3469 ·
543 3424 642 3510 id,
686 3440 772 3492 ut
824 3420 1085 3510 seryiat
1136 3412 1748 3488 administrationi
1812 3421 1953 3497 Ι0).
2053 3424 2239 3485 Cum
2288 3439 2536 3488 autem
2581 3420 2658 3488 in
2708 3418 3007 3509 majoris
3065 3425 3402 3514 tympani
3445 3422 3664 3491 labro

542 3568 820 3639 fuerint
869 3565 1243 3663 [ignorum
1284 3558 1711 3633 coelestium
1742 3560 2348 3668 deformationes,
2403 3560 2479 3632 id.
2528 3583 2779 3634 autem
2832 3563 2916 3634 fit
2965 3568 3382 3647 immotum,
3459 3581 3532 3632 et
3577 3564 3658 3632 in

543 3712 831 3785 summo
870 3715 1134 3783 habeat
1185 3706 1681 3782 deformatum
1730 3708 1989 3777 Cancri
2036 3705 2344 3802 lignum,
2395 3708 2484 3781 ad
2519 3708 3148 3805 perpendiculum
3189 3709 3346 3801 ejus
3384 3708 3463 3777 in
3502 3706 3659 3779 imo

544 3832 995 3952 Capricorni„
1031 3854 1120 3925 ad
1168 3852 1505 3924 dextram
1558 3848 1941 3946 spectantis
1970 3852 2265 3938 Librae,
2306 3854 2397 3922 ad
2447 3852 2804 3925 sinistram
2833 3855 3125 3926 Arietis.
3226 3856 3444 3951 Signa
3474 3878 3655 3948 quo-

545 4027 688 4098 que
740 4017 977 4070 cetera
1020 3998 1216 4067 inter
1264 4020 1527 4067 eorum
1576 3996 1799 4089 spatia
1836 3993 2198 4091 defigna'ta
2253 3994 2410 4085 sint,
2449 4000 2561 4069 uti
2601 4003 2678 4070 in
2710 4001 2920 4072 coelo
2952 4000 3317 4072 videntur.
3420 3968 3659 4098 Igitur

543 4173 709 4218 cum
752 4149 887 4219 sol
938 4143 1166 4215 fuerit
1213 4144 1292 4212 in
1345 4143 1769 4235 Capricorni
1823 4142 2188 4228 orbicu10‚
2236 4146 2526 4240 lingula
2570 4150 2649 4217 in
2703 4149 2997 4237 majoris
3046 4154 3384 4242 tympani
3448 4171 3653 4247 parte

677 4451 744 4523 9)
811 4448 905 4503 Sic
940 4448 1007 4501 E.
1042 4432 1093 4503 3.
1133 4460 1241 4521 pro
1279 4466 1412 4520 qua.

677 4606 768 4663 ιο)
790 4570 811 4593 s.
836 4596 998 4652 Alias
1032 4613 1085 4651 ec
1105 4598 1301 4671 servae
1336 4594 1899 4671 administrationem.

3853 2584 3873 2614 s
