4697 5919
1380 326 1735 391 LIBER
1799 324 1955 392 111.
2100 325 2482 394 CAPUT
2563 331 2668 397 11.
2951 380 2956 383 -
3051 332 3061 392 .’
3493 343 3582 420 67

462 553 677 621 datur
718 571 792 622 et
840 553 1247 639 dimidiam,
1311 571 1387 623 et
1430 553 1585 643 ejus
1624 580 1773 624 una
1818 581 1984 650 pars
2034 551 2520 625 constituatur
2578 556 2656 624 in
2720 554 3177 631 craffitudine
3237 564 3372 633 imi
3415 566 3577 665 ‘sca-

458 700 575 792 pi3
617 701 718 768 ita
767 701 1169 770 habebitur
1214 724 1355 792 pro
1401 688 1557 767 ra'ta
1603 700 1810 794 parte
1860 703 2610 773 intercolumniorum
2657 707 2867 774 ratio.
2937 710 3597 802 Quemadmodum-

457 847 659 914 enim
701 846 1036 915 crescunt
1083 843 1307 939 spatia
1356 847 1555 915 inter
1600 848 1999 933 columnas,
2045 850 2654 943 proportionibus
2695 852 3160 948 adaugendae
3204 855 3372 927 sunt
3403 857 3580 928 cras·

457 987 804 1062 sttudines
854 988 1252 1088 scaporum.
1355 973 1699 1087 Namqu'e
1746 991 1799 1063 fi
1836 996 1921 1063 in
1969 991 2401 1086 Araeoftylo
2449 1019 2644 1065 nona
2695 1016 2823 1067 aut
2870 1000 3152 1071 decima
3189 1027 3354 1096 pars
3401 1006 3580 1075 craf-

455 1135 791 1209 fitudinis
838 1138 1084 1226 fuerit,
1135 1140 1531 1210 tenuis'et.
1559 1142 1775 1211 exilis
1826 1142 2246 1236 apparebit3
2291 1142 2461 1212 ideo
2517 1144 2718 1236 quod
2759 1170 2897 1238 per
2946 1148 3425 1220 latitudinem
3471 1153 3581 1221 in-

413 1338 421 1347 .
461 1288 1127 1357 tercolumn-iorum
1171 1261 1296 1358 aei·
1344 1288 1730 1373 consumit,
1821 1307 1896 1358 et
1934 1288 2696 1383 imminuitaspectus
2746 1292 3129 1388 scaporum
3189 1254 3584 1369 craffitudi-

452 1457 647 1511 nem.
740 1442 1022 1521 >Contra
1070 1458 1249 1504 vero
1297 1431 1771 1527 Pycnostylis·
1810 1433 1864 1506 fi
1913 1452 2166 1507 oetava
2215 1461 2382 1531 pars
2421 1434 2901 1511 crassitudinis
2951 1441 3199 1527 fuerit,
3277 1461 3584 1537 propter

455 1583 930 1653 crebritatem
982 1600 1058 1653 et
1097 1578 1453 1678 angustias
1514 1584 2287 1670 intercolumniorum,
2344 1586 2713 1654 tumidam
2779 1605 2854 1655 et
2914 1579 3374 1656 invenustam
3440 1585 3584 1655 effi-

451 1730 599 1798 ciet
648 1727 982 1823 speciem.
1074 1737 1335 1825 Itaque
1383 1732 1689 1825 generis*
1722 1696 2312 1826 operisoportet
2356 1730 2700 1825 persequi
2749 1729 3229 1822 symmetrias.
3310 1734 3584 1802 Etiam-

448 1899 596 1969 que
644 1880 1025 1970 angulares
1076 1879 1466 1947 columnae
1514 1874 1877 1949 craffiores
1922 1878 2302 1948 faciendae
2363 1877 2537 1946 sunt
2595 1902 2692 1946 ex
2753 1875 2880 1946 sua
2942 1878 3306 1946 diametro
3371 1879 3587 1970 quin-

452 2017 862 2112 quagesima
901 2040 1131 2117 parte,
1182 2023 1389 2117 quod
1438 2047 1563 2091 eae
1614 2025 1707 2097 ab
1758 2048 1922 2091 aere
1964 2023 2625 2104 circumciduntur,
2677 2040 2752 2089 et
2800 2023 3221 2114 graciliores
3289 2017 3428 2092 effe
3478 2024 3586 2090 vi·-

453 2163 728 2231 dentur
776 2152 1318 2251 aspicientibus.
1368 2170 1565 2255 Ergo
1608 2158 1813 2253 quod
1855 2160 2110 2229 oculos
2161 2157 2378 2245 fallit,
2425 2161 2991 2228 ratiocinatione
3041 2159 3144 2229 est
3179 2187 3585 2258 exaequan-

451 2307 652 2377 dum.
755 2312 1277 2415 Contracturae
1322 2288 1576 2417 autem
1618 2301 1702 2381 in
1753 2298 2056 2370 summis
2108 2304 2627 2370 columnarum
2671 2305 3255 2395 hypotracheliis
3319 2309 3421 2375 ita
3486 2308 3530 2377 f
3533 2336 3586 2377 1-

440 2453 750 2522 ciendae
799 2406 1197 2534 videntur,
1268 2449 1384 2517 uti
1427 2443 1482 2515 fi
1531 2422 1877 2519 columna
1937 2442 2023 2515 fit
2084 2446 2179 2515 ab
2243 2447 2562 2515 minimo
2622 2446 2718 2516 ad
2775 2447 2998 2541 pedes
3063 2414 3580 2543 quinosdenos,

449 2602 597 2668 ima
650 2593 1033 2693 crassitudo
1083 2593 1528 2664 dividatur
1507 2618 1585 2661 in
1629 2610 1869 2685 partes
1918 2590 2064 2677 seit,
2120 2610 2196 2662 et
2243 2616 2500 2691 earum
2546 2593 2874 2686 partium
2924 2596 3258 2691 quinque
3300 2595 3581 2669 summa

447 2742 953 2867 constituatur.
1055 2748 1250 2811 Item
1298 2765 1484 2834 quae
1532 2740 1677 2808 erit
1726 2738 1817 2808 ab
1867 2739 2296 2831 quindecim
2341 2738 2659 2832 pedibus
2711 2740 2803 2809 ad
2843 2710 3066 2835 pedes
3095 2743 3391 2872 viginti,
3442 2743 3581 2815 sca·
3625 2823 3628 2827 ,

443 2918 584 2989 pus
630 2893 821 2961 imus
868 2890 951 2957 in
992 2838 1271 2983 :partes
1285 2884 1408 2955 sex
1458 2902 1533 2992 et
1582 2856 1941 2954 semissem
1984 2883 2364 2954 dividatur
2410 2909 2506 2952 ex
2541 2910 2956 3018 earumque
2998 2889 3329 2984 partiunt
3367 2893 3582 2986 quin·

442 3063 594 3150 que
638 3053 713 3105 et
758 3027 1037 3104 semiffe
1088 3012 1424 3127 superior
1470 3026 1857 3102 crassitudo
1901 3007 2293 3098 columnae
2346 3025 2502 3098 fiat.
2604 3007 2797 3100 Item
2838 3055 3024 3124 quae
3061 3052 3280 3108 erunt
3310 3060 3348 3104 a
3375 3038 3582 3130 pedi-

439 3188 583 3256 bus
628 3185 898 3278 viginti
944 3181 1036 3252 ad
1080 3157 1304 3275 pedes
1349 3180 1654 3274 triginta
1679 3175 1952 3270 ,scapus
1997 3176 2191 3244 imus
2240 3174 2683 3262 dividatur
2661 3201 2742 3278 111
2790 3193 3031 3272 partes
3087 3175 3386 3271 septem,
3471 3205 3581 3250 ea-

436 3354 767 3421 rumque
818 3326 943 3395 sex
991 3326 1272 3395 summa
1318 3339 1781 3392 contractura
1835 3317 2331 3440 perficiatur3
2394 3344 2583 3424 qnae
2647 3338 2899 3391 autem
2944 3321 3036 3391 ab
3098 3324 3428 3419 triginta
3457 3351 3581 3421 pe·

410 3476 664 3547 'dibus
715 3471 806 3540 ad
856 3433 1337 3595 quadraginta
1386 3464 1533 3533 alta
1588 3461 1750 3548 erit,
1794 3462 1942 3540 ima
1984 3423 2371 3556 craffitudo
2419 3463 2798 3531 dividatur
2849 3468 2930 3560 in
2997 3487 3237 3557 partes
3301 3470 3578 3594 septem

444 3642 525 3695 et
573 3618 985 3701 dimidiam,
1028 3637 1123 3683 ex
1172 3613 1288 3681 his
1338 3609 1465 3682 sex
1509 3626 1587 3678 et
1637 3606 2024 3677 dimidiam
2072 3607 2155 3674 111
2224 3603 2512 3676 summo
2576 3565 2844 3676 habeat
2902 3577 3409 3682 contracturae
3469 3640 3577 3683 ia-

441 3773 675 3841 tione.
736 3764 811 3853 ⁸)
869 3768 1069 3857 Quae
1119 3773 1339 3828 erunt
1388 3779 1429 3824 a
1478 3752 1955 3847 quadraginta
2010 3753 2324 3846 pedibus
2368 3753 2459 3823 ad
2505 3755 3063 3849 quinquaginta,
3125 3756 3324 3852 item
3390 3759 3576 3828 (1111-

442 3897 731 3987 dendae
787 3907 1077 3978 suntin
1119 3897 1287 3974 octo
1329 3918 1590 3995 parteS,
1652 3917 1727 3969 et
1786 3923 2044 3971 earum
2104 3899 2388 3996 septem
2449 3901 2529 3972 in
2592 3899 2883 3970 summo
2933 3899 3013 3991 9)
3081 3898 3274 3996 scapi
3337 3903 3576 3998 hypo-

442 4057 811 4133 trachelio
850 4051 1400 4140 contrahantur,
1503 4054 1696 4118 Item
1733 4041 1802 4154 'fi
1829 4069 2021 4142 quae
2051 4047 2353 4154 altiores
2379 4065 2603 4117 erunt
2645 4048 2784 4133 his,
2833 4045 3091 4148 eadem
3118 4049 3404 4124 ratione
3435 4072 3572 4143 pro

440 4226 604 4281 rata
647 4196 1184 4275 constituantur
1229 4211 1756 4265 contracturae.
1837 4263 1841 4273 ,
1876 4199 2040 4267 Hae
2087 4211 2340 4266 autem
2381 4213 2690 4291 propter
2745 4192 3162 4266 altitudinis
3221 4196 3571 4267 interval-

588 4507 659 4574 8)
728 4501 873 4558 Cod.
911 4517 1015 4557 ms.
1051 4515 1108 4555 et
1141 4498 1248 4555 Ed.
1288 4497 1451 4574 Sulp.
1505 4501 1798 4553 rationem.

586 4662 651 4734 9)
724 4653 870 4711 Cod.
906 4671 1014 4710 ms.
1051 4666 1109 4706 et
1139 4648 1247 4703 Ed.
1285 4645 1770 4722 8111Ρ.]“ςαρο]“1ιό
1811 4644 2090 4719 capitulo.
