4697 5919
1049 293 1223 387 186¹
1534 309 1651 378 Μ.
1727 308 2289 378 VITRUVII
2369 305 2457 410 P,
2525 306 2671 373 DE
2747 307 3674 414 ARCHITECTURA

1040 538 1455 614 Aluminosi
1503 558 1773 624 autem,
1828 563 1996 608 cum
2041 529 2386 609 dissoluta
2431 536 2768 606 membra
2819 515 3219 630 corporum
3263 535 3581 631 paralysi
3623 557 3751 609 aut
3802 514 4045 634 aliqua
4100 539 4176 611 vi

1041 689 1290 758 morbi
1336 703 1798 783 receperunt,
1845 682 2202 755 fervendo
2250 707 2389 778 per
2434 699 2767 778 patentes
2814 706 3043 751 venas
3111 681 3754 778 refrigerationem
3811 688 4175 756 contraria

1039 833 1300 904 caloris
1352 836 1427 903 vi
1477 827 1849 918 reficiunt,
1899 849 1973 901 et
2021 856 2116 900 ex
2155 830 2304 900 hoc
2355 829 2828 899 continenter
2861 822 3356 898 restituuntur
3402 830 3485 898 in
3539 832 3921 935 antiquam
3949 856 4177 901 mem·

1037 980 1352 1050 brorum
1401 981 1898 1062 curationem:
1962 971 2405 1049 Bituminofi
2455 992 2708 1046 autem
2770 973 3150 1046 interioris
3216 977 3548 1071 corporis
3612 978 3796 1047 vitia
3858 977 4180 1070 potioni·

1036 1125 1175 1195 bus
1223 1125 1633 1222 purgandO,
1676 1123 1915 1196 solent
1962 1122 2272 1194 mederi.
2374 1116 2495 1193 Est
2535 1137 2789 1190 autem
2849 1142 3080 1213 aquae
3146 1119 3454 1217 frigidae
3519 1100 3749 1218 genus
3811 1120 4177 1193 nitrosum

1035 1272 1149 1340 uti
1201 1273 1483 1343 Pinnae
1539 1276 1625 1341 V
1614 1262 1902 1364 estinae,
1963 1271 2266 1355 Cutiliis,
2318 1267 2629 1362 aliisque
2676 1265 2858 1337 locis
2881 1260 3283 1353 -fimilibus,
3334 1269 3536 1363 quod
3581 1269 4015 1363 potionibus
4057 1269 4187 1338 de·-

1031 1435 1319 1513 purgat,
1370 1443 1506 1513 per
1561 1418 1963 1510 alvumque
2009 1391 2469 1486 transeundo
2520 1413 2745 1482 etiam
2785 1405 3552 1485 strumarumminujt
3603 1432 3974 1520 tumores.⁴
4017 1415 4174 1516 Ubi

1032 1583 1215 1629 vero
1262 1587 1549 1647 aurum,
1602 1578 2012 1655 argentum,
2064 1558 2367 1648 ferrum,
2420 1583 2556 1644 aes,
2606 1556 3028 1653 plumbum,
3093 1546 3577 1653 reliquaeque
3626 1585 3740 1630 res
3795 1585 4049 1630 earum
4096 1556 4176 1628 fi-

1033 1706 1248 1775 miles
1294 1704 1706 1791 fodiuntur,
1784 1701 2022 1774 fontes
2062 1703 2556 1777 inveniuntur
2611 1701 2921 1799 copiofi;
3019 1703 3143 1774 sed
3190 1704 3274 1772 hi
3321 1704 3645 1772 maxime
3691 1703 3859 1773 sunt
3913 1700 4172 1772 vitiosi.

1034 1847 1341 1918 Habent
1392 1851 1595 1919 enim
1644 1851 1828 1919 vitia
1878 1852 2248 1921 contraria
2290 1873 2523 1946 aquae
2572 1849 2869 1934 calidae,
2925 1871 3150 1941 quam
3199 1846 3534 1939 sulphur,
3590 1849 3912 1931 alumen,
3980 1847 4177 1916 bitu·

1040 2016 1214 2063 men
1265 1996 1583 2084 emittit3
1650 1996 1781 2089 qui
1824 1969 1962 2088 per
2017 1995 2382 2087 potiones,
2431 2016 2605 2062 cum
2655 1994 2734 2061 in
2784 2015 3052 2083 corpus
3097 1993 3382 2083 ineunt,
3440 2007 3516 2059 et
3567 1987 3704 2085 per
3746 2007 3968 2061 v'enas
4015 2016 4179 2085 per-

1031 2138 1399 2242 manando
1430 2162 1716 2209 *nervos
1777 2139 2158 2234 attingunt
2206 2155 2283 2208 et
2338 2154 2562 2224 artus,
2660 2161 2780 2209 eos
2837 2137 3110 2207 durant
3141 2131 3519 2205 inflando,
3672 2140 3914 2230 Igitur
3960 2139 4175 2206 nervi

1032 2283 1418 2355 inflatione
1471 2300 1876 2377 turgentes,
1930 2308 2026 2352 ex
2073 2279 2553 2374 longitudine
2605 2264 3172 2380 contrahuntur,
3226 2292 3301 2345 et
3345 2276 3446 2343 ita
3493 2263 3620 2350 a'ut
3662 2280 4001 2351 neuricos
4045 2299 4173 2350 aut

1033 2429 1467 2522 podagricos
1521 2422 1850 2495 efficiunt
1888 2426 2267 2515 homine53
2358 2423 2529 2493 ideo
2593 2421 2796 2516 quod
2854 2445 2951 2491 ex
2994 2413 3384 2488 durissimis
3429 2436 3505 2487 et
3557 2414 4004 2512 spiffioribus
4048 2421 4176 2494 fri-

1035 2565 1561 2667 gidissimisque
1622 2569 1848 2641 rebus
1912 2570 2259 2639 intinctas
2318 2568 2602 2638 habent
2665 2589 3031 2639 venarum
3088 2567 3447 2636 raritates.
3597 2570 3854 2658 Aquae
3922 2583 4170 2671 autem

1036 2716 1310 2811 species
1360 2707 1480 2800 est,
1534 2684 1720 2808 quae
1768 2699 1944 2785 cum
1992 2677 2281 2782 habeat*
2315 2735 2470 2780 non
2517 2695 2685 2781 ¹satis
2753 2708 3170 2804 perlucidas
3222 2732 3466 2795 venas,
3539 2696 3795 2803 spuma
3849 2713 3970 2820 suti
4014 2712 4167 2801 flos»,

1029 2871 1234 2933 natat
1279 2864 1360 2931 in
1406 2860 1716 2946 summo,
1764 2862 2019 2930 colore
2068 2855 2323 2928 similis
2369 2857 2551 2926 vitri
2603 2855 2989 2949 purpurei.
3090 2860 3303 2926 Haec
3347 2855 3671 2926 maxime
3721 2837 4169 2963 consideran-

1007 2994 1155 3078 ‘tur
1200 3007 1516 3090 AtheniS,
1618 3005 1731 3076 ibi
1783 3009 1983 3077 enim
2031 3031 2126 3099 ex
2176 2998 2539 3093 ejusmodi
2587 3001 2770 3071 locis
2811 3017 2888 3070 et
2927 2998 3296 3086 fontibus,
3394 3018 3471 3070 et
3527 3003 3616 3071 ‘in
3678 2995 3875 3102 Asty
3905 3022 4008 3073 ,et
4073 3006 4164 3075 ad

1026 3171 1334 3247 portum
1392 3153 1798 3233 Piraeeum,
1843 3149 2050 3216 ducti
2092 3147 2263 3217 sunt
2313 3144 2673 3230 salienteS,
2712 3168 2755 3212 e
2806 3144 3076 3237 quibus
3126 3145 3323 3215 bibit
3368 3170 3591 3217 nemo
3635 3167 3940 3244 propter
4002 3174 4164 3223 eam

1029 3294 1336 3377 causam,
1386 3289 1513 3359 sed
1557 3272 2058 3361 lavationibus
2100 3309 2176 3359 et
2220 3291 2531 3384 reliquis
2579 3289 2802 3367 rebus
2848 3305 3189 3359 utuntur.
3259 3292 3544 3362 Bibunt
3595 3313 3843 3366 autem
3892 3322 3984 3367 ex
4029 3321 4164 3391 pu-

1027 3441 1188 3524 teis,
1242 3456 1318 3508 et
1369 3436 1474 3509 ita
1523 3435 1767 3506 vitant
1815 3448 2078 3504 eorum
2117 3402 2319 3504 vitia.
2452 3422 2794 3505 Troezeni
2831 3458 2984 3504 non
3033 3426 3271 3529 potest
3317 3437 3398 3509 id
3445 3406 3712 3523 vitari,⁸
3763 3443 3964 3532 quod
4009 3467 4165 3512 om-

1026 3587 1207 3665 nino
1259 3580 1466 3651 aliud
1514 3603 1743 3675 genus
1794 3602 2025 3673 aquae
2075 3596 2229 3650 no‘n
2278 3580 2674 3672 reperitur,
2721 3575 2857 3647 nisi
2905 3580 3108 3672 quod
3157 3581 3431 3651 cibdeli
3481 3582 3780 3651 habent.
3823 3596 3838 3605 “
3897 3591 4165 3678 Itaque

1029 3731 1109 3799 in
1153 3752 1238 3796 ea
1279 3728 1580 3796 civitate
1634 3742 1777 3793 aut
1812 3749 2086 3796 omnesae
2116 3744 2243 3795 aut
2290 3712 2612 3794 maxima
2660 3742 2870 3818 parte
2923 3724 3093 3794 sunt
3142 3724 3450 3818 pedibus
3502 3724 3767 3795 vitiosi.
3867 3712 4157 3801 Ciliciae

1025 3897 1209 3944 vero
1252 3873 1555 3941 civitate
1610 3865 1833 3970 Tarso
1857 3837 2165 3943 flumen
2230 3866 2332 3940 est
2383 3869 2685 3938 nomine
2743 3872 3061 3968 Cydno-³,
3136 3871 3216 3940 in
3275 3895 3426 3966 quo
3491 3873 3876 3969 podagrici
3941 3900 4156 3947 crura

1026 4012 1476 4095 macerantes
1525 4007 1874 4087 levantur
1925 4017 2205 4087 dolore.
2308 4019 2794 4088 Sunt‘autem
2843 4034 2919 4086 et
2969 4017 3110 4085 alia
3151 4019 3390 4087 multa
3441 4042 3710 4113 genera
3759 4046 3947 4114 quae
3997 4023 4153 4096 suas

945 4157 951 4161 ’
1023 4166 1307 4235 habent
1355 4150 1863 4259 proprietates,
1912 4165 2024 4232 uti
2076 4164 2154 4233 in
2198 4164 2446 4233 Sicilia
2492 4160 2777 4232 flumen
2813 4158 2914 4232 est
2942 4165 3272 4251 Himera,
3306 4165 3508 4259 quod
3539 4190 3578 4234 a
3610 4165 3811 4247 sonte
3844 4191 4018 4236 cum
4053 4165 4155 4238 est

1022 4302 1484 4409 progressum
1533 4309 1901 4382 dividitur
1928 4310 2005 4379 in
2039 4309 2215 4378 duas
2248 4322 2532 4404 partes;
2584 4296 2771 4403 quae
2795 4332 2959 4405 pars
2991 4308 3304 4403 profluit
3333 4330 3584 4381 contra
3604 4315 4036 4382 Hert-uriam
4062 4316 4155 4399 2),

1164 4643 1226 4703 2)
1294 4637 1389 4695 Sic
1421 4635 1665 4691 Codices
1701 4632 1894 4691 Guelf.
1927 4648 1984 4688 ct
2015 4635 2183 4689 Fran.
2275 4636 2371 4692 Al.
2403 4638 2659 4723 Aetnam·
