4697 5919
1040 347 1183 416 εει
1551 335 1669 405 Μ.
1743 333 2298 414 ἿῙΤΒΠΥΙῙ
2360 332 2443 400 Ρ.
2526 335 2677 403 DE
2730 333 3651 406 ARCHITECTURA

1040 525 1257 660 bonis
1307 563 1788 657 ejicerentur:
1836 559 2115 661 iplique
2165 561 2575 650 architecti,
2612 566 2893 658 poenae
2941 555 3213 635 timore
3243 553 3495 650 coacti,
3544 555 3985 661 diligeff't'ins
4017 553 4182 638 ’11ἷὸ-

1045 713 1229 784 dum
1279 711 1775 809 impensarum
1822 715 2343 784 ratiocinantes
2400 710 2880 804 explicarent,
2940 710 3054 779 uti
3106 726 3351 803 patres
3419 705 3870 780 familiarum
3936 713 4027 782 ad
4080 713 4181 821 id,

1049 843 1259 956 quod·
1302 853 1937 954 praeparavissent,
1991 857 2118 929 seu
2167 856 2396 952 paulo
2446 856 2766 949 amplius
2809 853 3259 945 adjicientes,
3338 852 3671 926 aedificia
3725 858 4182 951 expedirent.

1051 1011 1251 1079 Nam
1302 975 1436 1099 qui
1487 1005 2019 1102 quadringenta
2062 1005 2155 1075 ad
2203 1021 2388 1097 opus
2423 993 2720 1095 poss'unt
2766 1024 3044 1095 parare,
3087 997 3141 1071 fi
3167 999 3514 1091 adjiciant
3541 1018 3864 1090 centum,
3912 1003 4187 1075 haben·

1053 1151 1152 1223 do
1194 1148 1396 1246 spem
1443 1150 1938 1245 perfectionis,
1968 1148 2597 1221 delectationibus
2643 1164 3021 1216 tenentur.
3119 1148 3271 1243 Qui
3321 1165 3570 1218 autem
3621 1149 4030 1240 adjectione
4081 1150 4187 1221 di-

1057 1297 1310 1384 midia,
1383 1316 1511 1367 aut
1559 1299 1919 1393 ampliore
1968 1295 2269 1390 sumptu
2318 1310 2747 1378 onerantur,
2842 1287 3087 1362 amissa
3140 1291 3282 1387 spe,
3375 1312 3450 1363 et
3498 1294 3824 1389 impensa
3873 1295 4178 1386 abjecta,

1060 1440 1306 1530 stactis
1348 1444 1576 1524 ,rebus
1629 1449 1721 1514 et'
1753 1443 2036 1528 winih,
2083 1436 2416 1512 desistere
2462 1455 2852 1534 coguntur.
2951 1437 3115 1536 N‘ec
3167 1436 3408 1509 solum
3452 1431 3532 1511 id
3571 1434 3860 1550 vitimT
3879 1435 3959 1512 in
3995 1432 4190 1548 aedi·

1058 1583 1269 1672 ficiis,
1320 1588 1445 1658 sed
1496 1591 1717 1659 etiam
1745 1556 1840 1658 ‘in
1886 1586 2344 1671 muneribus,
2387 1599 2576 1678 quae
2624 1608 2663 1653 a
2711 1579 3244 1680 magistratibus
3296 1585 3460 1656 foro
3510 1587 4006 1682 gladiatorum
4048 1585 4191 1657 sce·

1060 1731 1321 1824 nisque
1362 1731 1721 1802 ludorum
1761 1731 2072 1822 dantur-3
2155 1729 2426 1823 quibus
2475 1753 2610 1798 nec
2637 1733 2878 1815 mora,
2947 1733 3224 1823 neque1
3256 1734 3670 1823 expectatio
3736 1733 4188 1817 conceditur,

1064 1874 1189 1946 sed
1238 1873 1604 1947 neceffitas
1647 1874 1867 1948 finito
1911 1893 2250 1968 tempore
2299 1871 2659 1967 perficere
2706 1876 2940 1969 cogit:
2989 1876 3105 1942 uti
3141 1872 3310 1944 sunt
3347 1874 3546 1946 sedes
3581 1875 4193 1968 spectaculorum,

1062 2014 1558 2115 velorumque
1611 2021 2098 2104 inductiones,
2144 2035 2219 2085 et
2268 2041 2352 2085 ea
2402 2020 2672 2101 omnia,
2740 2042 2925 2108 quae
2979 2017 3272 2088 scenicis
3322 2020 3656 2088 moribus
3716 2045 3851 2112 per
3915 2023 4190 2092 machi·

1064 2166 1443 2234 nationem
1480 2163 1601 2233 'ad
1648 2161 2127 2257 spectationes
2187 2159 2476 2254 populo
2546 2175 3084 2253 comparantur.
3234 2153 3325 2233 11⁹1
3391 2163 3506 2235 his
3574 2189 3753 2236 vero
3833 2191 4017 2261 opus
4090 2163 4191 2248 est

1067 2310 1467 2404 prudentia
1508 2308 1853 2402 diligenti
1896 2325 1971 2377 et
2008 2308 2301 2404 ingenii
2342 2293 2731 2416 doctissimi
2775 2306 3122 2399 cogitatu,
3172 2308 3373 2400 quod
3408 2310 3618 2379 nihil
3668 2335 3931 2382 eorum
3968 2310 4191 2407 perfi-

1067 2456 1263 2523 citur
1311 2451 1460 2523 fine
1502 2453 2069 2535 machinatione,
2120 2427 2682 2544 studiorumque
2731 2451 2937 2519 vario
2987 2427 3073 2520 ac
3109 2451 3364 2523 solerti
3410 2456 3691 2550 vigore.
3741 2459 3981 2551 Igitur
4012 2482 4188 2551 quo-

1063 2599 1267 2666 niam
1310 2598 1491 2666 haec
1537 2598 1637 2665 ita
1688 2596 1857 2665 sunt
1904 2596 2175 2666 tradita
2217 2613 2293 2665 et
2342 2591 2759 2680 constituta,
2858 2620 3010 2665 non
3059 2596 3360 2667 videtur
3417 2595 3556 2670 effe
3619 2603 3971 2689 alienum,
4075 2607 4185 2675 uti

1040 2761 1287 2818 caute·
1324 2741 1756 2835 summaque
1802 2741 2208 2837 diligentia,
2272 2757 2671 2833 antequam
2704 2736 3194 2810 'instituantur
3243 2766 3487 2837 opera,
3583 2745 3844 2817 eorum
3893 2744 4189 2845 expedi.

1068 2907 1293 2959 antur
1338 2888 1678 2984 rationes.
1778 2891 1973 2983 Ergo
2025 2887 2379 2982 quoniam
2426 2909 2667 2980 neque
2719 2887 2846 2955 lex
2899 2909 3142 2981 neque
3185 2911 3490 2959 morum
3536 2888 3903 2968 institutio
3937 2895 4028 2967 'id
4060 2922 4188 2993 po-

1056 3030 1201 3106 ·test
1241 3058 1523 3130 cogere,
1568 3052 1645 3104 et
1692 3034 2085 3128 quotannis
2145 3051 2221 3103 et
2280 3036 2654 3126 praetores
2709 3052 2785 3102 et
2833 3033 3106 3103 aediles
3150 3034 3506 3119 ludorum
3552 3039 3782 3109 causa·
3823 3022 4184 3115 machina:-

1069 3184 1310 3253 tiones
1366 3205 1797 3274 praeparare
1839 3180 2158 3268 debent;
2218 3175 2461 3245 visum
2504 3177 2693 3245 mihi
2747 3173 2866 3263 est,
2933 3182 3396 3271 Imperator,
3442 3208 3596 3253 non
3646 3182 3790 3256 effe
3817 3185 4184 3277 alienum,

1070 3326 1424 3418 quoniam
1476 3324 1571 3391 de
1618 3318 1972 3419 aedificiis
2015 3321 2094 3388 in
2143 3320 2524 3413 prioribus
2564 3322 3079 3397 voluminibus
3127 3326 3458 3420 exposui,
3503 3330 3586 3399 in
3633 3332 3794 3419 hoe,
3842 3338 3974 3430 qui
4021 3334 4189 3407 fini,-

1068 3470 1356 3538 tionem
1399 3467 1763 3537 summam
1812 3467 2145 3577 corporis
2182 3464 2417 3535 habet
2469 3460 2959 3556 constitutam,
2985 3544 3002 3557 ‚
3058 3472 3245 3564 quae
3307 3471 3446 3549 lint
3507 3476 3883 3572 principia·
3910 3483 4194 3555 machi-

1054 3638 1334 3687 rnarum
1383 3613 1718 3684 ordinata
1753 3612 2158 3706 praeceptis
2210 3612 2605 3705 explicare.

2240 3904 2307 4027 c
2361 3900 2424 4024 A
2477 3954 2537 4024 P
2599 3952 2680 4026 U
2738 3903 2812 4027 r
2937 3906 3023 4031 '1.

1664 4175 1671 4181 ·
1753 4086 1878 4208 De
1922 4133 2262 4228 machina
2306 4151 2378 4239 βε
2427 4137 2573 4232 ejus
2621 4133 2718 4207 ab
2759 4161 3046 4238 organo
3084 4133 3514 4243 differentia.

1054 4310 1481 4422 Machina
1529 4344 1629 4419 est
1678 4351 2063 4421 continens
2110 4370 2205 4419 ex
2254 4342 2584 4421 materia
2614 4346 3065 4443 conjunctio,
3130 4359 3487 4428 maximas
3532 4357 3623 4430 ad
3673 4384 3986 4435 onemm
4025 4384 4192 4444 ‘mo-

1023 4477 1175 4575 ’tus
1230 4500 1533 4570 habens·
1566 4497 1911 4567 virtutes.
2025 4506 2132 4570 Ea
2187 4514 2539 4567 movetur
2608 4522 2702 4570 ex
2771 4518 2925 4571 arte
3003 4502 3463 4576 circulorum
3524 4510 4179 4584 rotundationibus

1044 4672 1275 4744 quam
1326 4641 1583 4715 Graeci
1631 4638 1939 4722 κωιλικοίν
1985 4644 2217 4725 κίνησιν
2264 4644 2662 4739 appellant.
2805 4642 2925 4718 Est
2982 4665 3234 4721 autem
3286 4676 3527 4726 unum
3565 4674 3793 4751 genus
3831 4656 4174 4731 scansori-
