4697 5919
1060 331 1199 403 194.
1602 310 1716 379 M.
1767 305 2317 392 VITRUVII
2360 303 2438 370 P.
2499 302 2652 370 DE
2714 304 3646 377 ARCHITECTURA

1061 572 1212 645 quo
1262 545 1571 618 facilius.
1597 566 1691 612 ex
1729 542 1846 610 his
1892 533 2554 634 perscriptionibus
2619 535 2899 627 eligant
2964 536 3305 606 homines
3372 559 3601 630 aquae
3666 537 3926 630 fontes,
4007 543 4190 638 qui.

1051 698 1192 768 bus
1253 694 1347 764 ad
1387 689 1603 762 usum
1645 687 1981 759 salientes
2030 678 2296 779 poffint
2335 678 2428 750 ad
2469 678 2799 749 civitates
2849 681 3402 774 municipiaque
3450 684 3877 776 perducere.
3996 691 4189 760 Nul-

1044 846 1127 926 ,la
1187 844 1389 913 enim
1442 865 1539 910 ex
1607 834 1953 907 omnibus
2006 830 2231 901 rebus
2289 844 2526 896 tantas
2584 825 2887 896 videtur
2949 826 3223 897 habere
3296 828 3391 897 ad
3454 828 3673 899 usum
3726 830 4187 920 necessitateS,

1056 1006 1362 1086 quantas
1417 1008 1625 1079 aqua.
1769 981 1951 1052 Ideo
2010 975 2216 1072 quod
2263 974 2606 1044 omnium
2647 973 3085 1044 animalium
3123 992 3385 1059 natura
3432 970 3487 1046 fi
3534 975 3896 1048 frumenti
3927 977 4189 1048 'fructu

1050 1138 1340 1233 privata
1397 1132 1647 1216 fuerit,
1738 1121 2165 1212 arbustisve,
2221 1139 2351 1193 aut
2404 1144 2642 1205 carne,
2717 1137 2847 1189 aut
2890 1118 3194 1213 piscatu,
3266 1137 3396 1192 aut
3442 1125 3670 1195 etiam
3716 1124 4053 1219 qualibet
4097 1148 4192 1194 ex

1056 1284 1175 1354 his
1219 1281 1527 1375 reliquis
1568 1277 1794 1348 rebus
1845 1273 2176 1346 escarum
2233 1268 2518 1340 utendo
2584 1267 2864 1362 poterit
2924 1269 3124 1337 tueri
3184 1269 3455 1362 vitam3
3549 1266 3700 1340 sme
3765 1295 3951 1364 aqua
4013 1293 4192 1341 vero

1050 1454 1190 1502 nec
1236 1452 1503 1522 corpus
1554 1424 2010 1510 animalium,
2080 1441 2219 1491 nec
2267 1417 2428 1488 ulla
2480 1413 2633 1485 cibi
2680 1415 2919 1484 virtus
2967 1409 3220 1508 potest
3245 1414 3465 1504 nasci,
3565 1442 3701 1489 nec
3740 1418 3959 1503 tueri,
4054 1441 4192 1488 nec

1002 1609 1005 1616 ·
1053 1579 1337 1669 parari3
1435 1599 1664 1670 quare
1723 1592 1987 1665 magna
2038 1565 2426 1662 diligentia
2478 1555 2980 1656 industriaque
3050 1565 3457 1657 quaerendi
3522 1564 3693 1635 sunt
3751 1583 3827 1637 et
3868 1563 4193 1660 eligendi

1055 1719 1296 1791 fontes
1345 1717 1438 1787 ad
1479 1719 1847 1787 humanae
1900 1715 2096 1785 vitae
2150 1710 2680 1782 salubritatem.

2308 1987 2756 2066 CAPUT
2850 1987 2940 2057 V.

2077 2173 2197 2242 De
2241 2190 2612 2264 aquarum
2671 2164 3197 2261 experimentis,

1056 2355 1591 2493 Expertiones
1640 2402 1896 2460 autem
1942 2401 2021 2456 et
2065 2382 2542 2478 probationes
2582 2400 2849 2450 eorum
2886 2371 2982 2446 fic
3032 2374 3204 2445 sunt
3243 2373 3768 2470 providendae.
3869 2377 3945 2446 Si
3974 2395 4197 2452 erunt

1058 2542 1513 2646 profluentes
1564 2525 1640 2605 et
1688 2531 1946 2627 aperti,
2006 2517 2408 2625 antequam
2455 2526 2630 2598 duci
2679 2524 3154 2620 incipiantur,
3247 2520 3709 2617 aspiciantur,
3799 2491 4200 2618 animoque

1066 2690 1549 2763 advertantur
1590 2702 1738 2774 qua
1795 2676 2304 2747 membratura
2356 2671 2498 2745 fint
2547 2673 2681 2767 qui
2722 2673 2913 2741 circa
2959 2694 3082 2739 eos
3141 2666 3383 2738 fontes
3445 2669 3789 2739 habitant
3829 2669 4191 2740 homines.

1062 2835 1159 2911 Et
1204 2831 1261 2905 fi
1313 2845 1532 2902 erunt
1579 2822 2018 2920 corporibus
2065 2820 2513 2904 valentibus»,
2566 2815 2946 2888 coloribus
2989 2813 3265 2900 nitidis,
3319 2814 3862 2884 cruribusnon
3897 2812 4190 2902 vitiofi5,

1064 3009 1218 3056 non
1265 2977 1492 3073 lippis
1541 2971 1799 3056 oculi5,
1841 2986 2064 3039 erunt
2111 2959 2623 3067 probatiffimi.
2721 2971 2922 3036 Item
2970 2957 3026 3032 fi
3075 2958 3237 3035 fons
3279 2941 3534 3033 novus,
3568 2959 3798 3033 fuerit
3846 2957 4058 3035 foffus
4117 2980 4196 3034 et

1063 3132 1145 3200 in
1187 3150 1313 3197 vas
1372 3116 1832 3192 Corinthium
1876 3112 2024 3184 five
2074 3112 2380 3182 alterius
2428 3109 2737 3205 generis,
2838 3106 3042 3202 quod
3093 3108 3240 3178 erit
3287 3132 3383 3177 ex
3431 3131 3596 3179 aere
3655 3110 3879 3195 bono,
3975 3133 4055 3178 ea
4121 3133 4191 3178 a·

1065 3297 1211 3368 qua
1272 3264 1524 3360 sparsa,
1618 3259 1992 3329 maculam
2056 3279 2209 3339 non
2252 3253 2531 3340 fecerit,
2580 3254 2869 3348 optima
2922 3255 3087 3323 erit.
3201 3261 3543 3348 Itemque
3591 3257 3672 3357 in
3729 3256 3965 3326 aheno
4012 3251 4064 3324 fi
4112 3279 4197 3326 ea

1065 3437 1255 3511 aqua
1300 3401 1791 3479 defervefacta
1840 3418 1918 3470 et
1972 3396 2218 3493 postea
2262 3401 2601 3492 requieta
2664 3417 2741 3469 et
2787 3398 3039 3469 defusa
3085 3396 3338 3486 fuerit,
3411 3425 3653 3495 neque
3697 3403 3776 3471 in
3831 3401 3986 3491 ejus
4033 3366 4199 3493 alie-

1066 3563 1147 3632 ni
1189 3551 1418 3628 fundo
1472 3572 1691 3620 arena
1741 3562 1868 3615 aut
1908 3546 2137 3614 limus
2186 3544 2637 3631 invenietur,
2738 3568 2821 3613 ea
2895 3567 3083 3639 aqua
3132 3545 3278 3614 erit
3334 3546 3514 3615 item
3560 3547 3888 3639 probata.
4002 3554 4198 3619 Item

1070 3703 1126 3777 fi
1171 3698 1552 3797 legumina
1598 3694 1681 3762 in
1730 3714 1856 3760 vas
1918 3714 2090 3761 cum
2141 3714 2223 3761 ea
2270 3715 2460 3786 aqua
2510 3689 2841 3781 conjecta
2886 3690 2979 3761 ad
3017 3692 3269 3786 ignem
3314 3689 3560 3785 pofita,
3657 3692 3999 3762 celeriter
4030 3718 4200 3787 per-

1068 3866 1273 3924 cocta
1322 3840 1624 3924 fuerint,
1671 3836 2107 3908 indicabunt
2150 3862 2314 3907 eam
2364 3862 2631 3931 aquam
2672 3831 2813 3906 effe
2863 3837 3138 3909 bonam
3185 3855 3261 3909 et
3313 3836 3704 3908 salubrem.
3767 3816 3948 3910 Non
3976 3841 4198 3910 etiam

1069 3998 1316 4070 minus
1362 3986 1514 4082 ipsa
1564 4008 1769 4081 aqua,
1848 4007 2035 4078 quae
2097 3983 2242 4053 erit
2306 3963 2389 4051 iu
2441 3981 2669 4069 fonte,
2764 3979 2817 4053 fi
2866 3983 3096 4054 fuerit
3143 3984 3457 4078 limpida
3510 4002 3586 4054 et
3629 3987 4032 4080 perlucida,
4120 4004 4196 4057 et

1072 4158 1542 4238 quocumque
1585 4131 2015 4226 pervenerit
2076 4147 2202 4197 aut
2247 4118 2716 4222 pers-luxerit,
2829 4125 2885 4199 fi
2931 4127 3225 4201 muscus
3290 4154 3443 4201 non
3502 4131 3854 4218 nasce‘tur,
3946 4157 4190 4224 neque

1071 4292 1353 4383 juncus),
1401 4303 1643 4373 neque
1694 4277 2120 4371 inquinatus
2175 4276 2267 4346 ab
2321 4276 2573 4370 aliquo
2626 4241 3192 4373 inquinamento
3244 4278 3307 4347 is
3354 4278 3561 4349 locus
3603 4275 3855 4359 fuerit,
3899 4273 4022 4346 sed
4060 4302 4197 4371 pu-

986 4488 1003 4493 „
1075 4460 1238 4508 ram
1288 4426 1638 4498 habuerit
1693 4422 2027 4516 speciem,
2081 4423 2439 4493 innuetm*
2487 4423 2602 4493 his
2642 4419 2854 4517 fignis
2908 4418 3048 4492 effe
3092 4425 3336 4496 tenuis
3400 4442 3476 4496 ct
3523 4425 3600 4494 in
3667 4420 3946 4492 summa
4014 4423 4193 4492 salu-

1072 4587 1150 4655 b1
1166 4583 1364 4651 itate.
